4754 5750
616 491 800 604 92,
1259 447 1616 571 maz.

685 651 826 733 Liclren
853 651 1030 730 foliaceus
1052 654 1424 750 repenstartaricus,
1456 649 1617 746 crispus,
1641 645 1783 727 foliolis
1809 647 1984 723 concavis
2007 651 2135 728 imbri·

733 781 824 856 catis
855 777 1003 874 crispis,
1036 777 1139 874 supra
1165 778 1316 852 cinereo
1332 818 1346 836 ·
1365 776 1653 870 virescentibus,
1676 772 1801 848 subtus
1826 775 1940 872 albis,
1970 774 2133 853 scutellis

734 901 904 980 subrufis.
956 927 1086 982 scor.
1119 909 1218 984 Corn.
1243 905 1312 979 Ed.
1329 927 1362 984 1.
1382 922 1418 1004 p.
1438 914 1519 984 108.
1545 927 1578 976 n.
1594 921 1655 992 47.

690 1045 830 1158 lichen
853 1053 1127 1146 pulmonarius,
1152 1051 1332 1148 saxatilis,
1358 1051 1585 1141 farinaceus,
1609 1047 1749 1140 major,
1769 1047 1867 1124 foliis
1890 1045 2029 1138 craffis,
2050 1045 2138 1123 sub-

740 1171 936 1270 rotundis,
978 1199 1001 1250 e
1034 1176 1185 1252 cinereo
1218 1175 1511 1261 virescentibus,
1546 1170 1689 1245 inferne
1727 1172 1849 1266 albis,
1885 1170 2134 1267 receptaculis

742 1295 878 1374 florum
904 1295 1069 1378 subrufis.
1119 1321 1258 1378 sarcir.
1289 1302 1370 1376 Gen.
1395 1315 1503 1396 1294.
1543 1296 1752 1372 uram
1785 1296 1937 1388 Tolasr.
1959 1295 2034 1390 Frg.
2050 1315 2083 1370 1.

689 1439 938 1520 Liclrenoides
955 1445 1227 1546 cartilagineum
1237 1499 1252 1538 ,
1277 1444 1436 1522 scutellis
1453 1439 1568 1578 lplvis
1586 1441 1716 1539 planis.
1765 1462 1899 1532 brut.
1910 1443 2002 1540 Hrst.
2019 1442 2138 1543 Musa.

736 1584 872 1667 r·179·
904 1571 1060 1662 Tol-24·
1085 1573 1236 1669 Furr-

689 1712 831 1790 Lichen
858 1715 1000 1794 crassus.

689 1859 912 1961 Knorpligte
939 1861 1227 1964 Bliltterflechte.

556 1959 560 1977 ι
697 2005 965 2110 Cartilaginous
985 2011 1139 2090 lichen.
1191 2013 1326 2110 Anglls.

742 2155 887 2234 Halitus
909 2157 949 2235 in
974 2157 1147 2257 Europae
1172 2160 1326 2256 rupibus
1346 2171 1386 2264 et
1410 2154 1557 2236 ericetis
1582 2155 1774 2236 montosis.

798 2351 944 2430 Foliola
975 2358 1041 2432 vel
1072 2361 1234 2436 rotunde
1263 2363 1326 2434 vel
1362 2355 1611 2458 irregulariter
1638 2356 1815 2452 expansa,
1843 2355 2031 2436 imbricata
2059 2362 2144 2438 bre·

651 2471 812 2570 villima,
841 2479 1005 2554 rotunde
1041 2481 1190 2578 lobata,
1226 2483 1359 2558 obtuse
1390 2483 1600 2572 crenulata,
1633 2503 1700 2577 per
1732 2481 1932 2578 marginem
1968 2485 2140 2564 crasliora

651 2612 692 2674 et
707 2599 846 2696 saepius
864 2602 1013 2694 incana3
1042 2603 1235 2683 substantia
1250 2606 1399 2691 robusta
1413 2607 1516 2699 alba,
1539 2604 1586 2680 ad
1608 2603 1824 2678 semilineam
1852 2603 1962 2680 crassa
1985 2630 2052 2703 per
2072 2610 2145 2685 hu·

649 2722 852 2800 miditatem
871 2727 1062 2816 molliorem
1079 2727 1234 2825 superne
1253 2752 1300 2804 ex
1312 2731 1443 2826 glauco
1463 2730 1527 2804 vel
1549 2731 1653 2804 luteo
1675 2723 1918 2820 virescentis,
1940 2729 2066 2804 subtus
2086 2732 2146 2808 ni·

650 2843 827 2941 gricantia
856 2853 920 2924 vel
956 2849 1098 2926 violata
1126 2852 1271 2948 albida,
1313 2852 1467 2951 fungosa
1493 2849 1555 2952 sua
1588 2865 1721 2928 natura
1753 2863 1876 2926 terrae
1917 2855 1979 2926 vel
2016 2855 2148 2950 lapidi·

653 2969 724 3044 bus
762 2971 946 3048 artlilfime
981 2976 1125 3054 adnata.
1181 2975 1366 3050 Scutellae
1394 2975 1570 3070 copiosae
1597 2977 1634 3049 in
1665 2991 1800 3050 centro
1828 2975 1999 3074 cespitis,
2033 3001 2149 3074 quem

653 3111 772 3190 paene
798 3109 921 3174 totum
944 3095 1108 3174 efficiunt
1128 3097 1346 3197 congestae,
1369 3101 1413 3174 ab
1441 3097 1550 3172 initio
1567 3097 1818 3193 orbiculatae,
1842 3103 2007 3198 margine
2032 3107 2148 3180 tumi-

656 3215 713 3292 do
729 3219 878 3312 albido,
902 3219 1054 3312 obtuso,
1073 3222 1236 3314 cinttae3
1256 3224 1367 3297 color
1382 3221 1468 3298 disci
1487 3221 1584 3296 idem
1605 3242 1687 3294 cum
1711 3221 1810 3296 foliis
1828 3223 1866 3298 in
1884 3225 2060 3320 humido,
2082 3249 2147 3304 ru·

657 3337 800 3415 sescena
821 3340 858 3416 in
881 3342 1000 3426 srccor
1028 3341 1153 3420 sensim
1181 3348 1339 3442 maJores
1360 3345 1576 3444 irregulares
1600 3345 1752 3438 planae,
1772 3345 1981 3439 flexuosae,
2008 3355 2145 3428 colore

657 3483 681 3538 e
709 3465 815 3540 luteo
846 3465 1020 3562 subrufo,
1042 3465 1139 3570 'folia
1164 3491 1282 3564 paene
1301 3481 1524 3562 aequantes,
1547 3469 1712 3564 margine
1737 3469 1902 3544 tenuiori
1924 3473 2049 3548 albido
2073 3475 2150 3552 cin·

657 3582 762 3678 stae,
782 3587 927 3666 demum
952 3613 1146 3667 convexae
1171 3589 1371 3666 subluscao.
1423 3589 1593 3690 Singulae
1609 3589 1781 3665 scutellae
1798 3609 1991 3690 exemptae
2013 3597 2150 3673 foliolo

657 3708 814 3787 insrdent
838 3711 935 3812 (τι).ἱ
964 3713 1134 3794 Odorem
1154 3737 1238 3794 cum
1255 3732 1387 3791 vetere
1404 3713 1558 3792 Tabaco
1576 3727 1794 3812 comparant
1813 3733 2094 3796 oraremus
2111 3735 2153 3798 et

659 3853 983 3914 uroaaroor.

1355 4015 1451 4074 102.

988 4157 1253 4249 chusu
1323 4155 1820 4295 acuraevuvru.

1239 4333 1430 4408 Tatssxvur.
1464 4335 1526 4405 rig.
1544 4351 1572 4392 r.

711 4469 852 4548 Lichen
880 4475 1133 4570 acetabulum
1168 4479 1349 4556 foliaceus
1375 4443 1611 4578 imbricatus,
1637 4475 1776 4570 foliolis
1800 4477 1940 4596 obtulit
1961 4483 2151 4578 lacubus,

765 4591 925 4682 scurolis
957 4601 1119 4700 margine
1145 4601 1525 4706 duplipat0.·serratis,
2012 4725 2155 4808 ssehen
