4716 5724
668 523 723 600 ιο
1301 491 1504 606 Q

665 673 771 758 ctae,
792 675 852 750 cui
875 685 1030 750 externe
1057 668 1140 745 cilia
1163 669 1384 788 tenuiffima,
1412 674 1546 766 absque
1571 672 1672 750 lette
1691 673 1757 747 vix
1782 669 2038 764 discernenda,
2083 681 2166 772 pst¹

618 799 630 808 ‘'
667 789 807 865 lentem
827 811 921 866 vcro
943 775 1201 882 satisrobusta,
1229 789 1331 885 nigra
1355 791 1432 881 (c,)
1468 785 1622 862 dense
1612 809 1649 862 rn
1676 792 1852 864 exteriori
1884 789 1947 866 seu
1980 810 2152 866 concava

673 913 901 990 scutellarum
923 900 1030 1006 parte
1056 911 1180 982 locata
1195 908 1251 1001 (d)
1273 907 1528 982 adnascuntur.
1586 908 1704 981 Huius
1729 908 1902 986 Lichcnis
1924 911 2017 985 aliae
2033 915 2153 984 varie·

667 1045 762 1105 tates
790 1045 1012 1118 occurrunt,
1042 1029 1182 1102 foliolis
1207 1049 1308 1102 nunc
1342 1028 1451 1102 dense
1482 1028 1702 1120 imbricatis,
1739 1029 1874 1124 absque
1909 1034 1985 1110 ullo
2016 1029 2151 1112 ordine

668 1150 807 1236 slratis,
834 1151 995 1245 margine
1017 1149 1271 1230 tuberculosm
1288 1149 1444 1244 palluere
1468 1151 1600 1243 glauco
1626 1147 1962 1240 efflorescentibus;
1990 1171 2065 1247 quo
2092 1149 2155 1224 de·

666 1267 766 1364 lapso
793 1268 954 1364 scyphuli
981 1290 1002 1340 a
1028 1289 1287 1344 ornnauro
1315 1269 1363 1341 s1c
1384 1269 1564 1342 nominati
1585 1282 1623 1341 et
1652 1269 1689 1342 in
1728 1270 1839 1343 citata
1872 1267 1986 1367 figura
2017 1267 2154 1362 depidll

666 1405 878 1470 remanemus
917 1391 954 1462 in
980 1389 1056 1461 aliis
1091 1387 1208 1462 crusta
1235 1383 1344 1459 crassa
1371 1385 1449 1458 fere
1470 1384 1663 1480 granulosa
1697 1392 1752 1476 (e)
1772 1393 1906 1490 paucis
1926 1391 2153 1465 intermixtis

666 1509 829 1601 foliolis,
866 1506 1023 1581 scutellis
1068 1505 1282 1600 amplissimis
1315 1507 1452 1600 planis,
1494 1507 1769 1604 irregularibus
1803 1512 1965 1604 margine
2007 1511 2152 1604 plicatis

667 1628 824 1702 instrata.
887 1627 991 1702 Liclr.
1016 1627 1210 1707 orbiculari
1237 1627 1407 1713 proxime
1428 1626 1587 1716 accedit,
1607 1627 1669 1740 sed
1694 1631 1788 1702 bene
1813 1632 2001 1704 oculatum
2028 1644 2071 1704 ut
2091 1631 2151 1703 in·

505 1799 508 1804 .
609 1789 610 1792 κ
667 1748 749 1900 quit
775 1767 1067 1822 occasurus
1105 1747 1258 1872 requirit
1285 1744 1539 1842 inspeslorem.

1119 2060 1346 2138 LICHEN
1373 1945 1706 2143 missusne

670 2187 812 2270 Lichen
840 2186 1008 2272 diffusum
1028 2189 1239 2270 imbricatus
1265 2197 1403 2274 foliolis
1431 2195 1674 2320 angustillimls
1700 2191 1909 2292 multifidis,
1951 2201 1993 2276 in
2020 2215 2154 2282 centro

720 2309 1008 2403 pulverulentis3
1030 2308 1186 2386 scutellis
1211 2313 1396 2391 subfuscis.

671 2440 812 2518 Lichen
831 2435 998 2524 diffususr
1030 2443 1264 2540 lubricatur,
1284 2447 1417 2525 fronde
1434 2451 1583 2543 lineari,
1609 2451 1852 2541 multifida,
1840 2471 1879 2525 m
1911 2464 2042 2527 centro
2071 2455 2157 2549 pul·

720 2559 935 2648 verulenta3
964 2561 1086 2638 versus
1108 2566 1288 2662 margines
1308 2565 1549 2661 scutelliiera,
1575 2571 1706 2648 colore
1726 2567 1936 2648 constanter
1953 2586 2000 2646 ex
2015 2573 2156 2670 glauco

724 2676 939 2753 albescente.
986 2703 1104 2758 wau.
1148 2685 1401 2782 Spirilpmso.
1430 2685 1577 2782 martis

671 2809 811 2895 Lichen
828 2811 991 2898 diffusus.

674 2951 808 3032 Ruude
837 2952 1107 3048 ausgebreitete
1133 2955 1416 3036 Blitterlleclrte.
1507 3041 1509 3048 Α

724 3090 862 3164 linium
887 3089 924 3161 in
953 3089 1154 3180 lapidibus,
1201 3094 1383 3170 tenorum
1414 3093 1557 3193 tegulis,
1576 3092 1783 3190 promiscue
1812 3115 1899 3176 cusu
1932 3070 1973 3176 l..
2003 3105 2160 3195 murali,

677 3209 787 3290 etiam
813 3207 851 3278 in
873 3207 1043 3280 arborum
1064 3210 1217 3284 cortice.
1924 3311 1926 3316 Ι

748 3336 893 3413 Foliola
912 3335 949 3408 in
976 3331 1112 3411 rosulas
1134 3336 1357 3411 orbiculares
1376 3339 1549 3434 expansa,
1570 3340 1679 3417 deuse
1700 3349 1969 3442 approximate,
1988 3351 2161 3429 imbrica-

676 3469 726 3547 ta,
750 3455 931 3528 tenaciter
951 3455 1087 3546 ubique
1108 3453 1259 3549 adnata,
1283 3455 1442 3552 angusta,
1464 3457 1714 3550 subconvexa,
1734 3465 1930 3558 multifida,
1960 3472 2163 3550 laciniatac

675 3577 817 3650 laciniis
839 3575 941 3666 apice
962 3573 1117 3650 dilataris
1140 3577 1276 3658 incisrss
1314 3575 1418 3671 supra
1443 3579 1653 3658 constanter
1674 3607 1723 3658 ex
1745 3567 1895 3659 cinereo
1917 3591 2064 3684 glauca,
2093 3595 2162 3692 vel

677 3695 812 3783 albida,
838 3693 960 3767 subtus
983 3695 1100 3768 albida
1117 3697 1182 3771 uel
1198 3695 1311 3790 lusca,
1329 3697 1661 3776 cirrisbrev'illimis
1690 3707 1988 3801 nigricicautibus
2015 3711 2156 3804 obstra3

676 3813 801 3888 versus
823 3827 993 3888 centrum
1012 3817 1269 3906 pulverulenta
1288 3820 1452 3912 materia,
1475 3817 1775 3919 sordidefusca,
1764 3843 1815 3902 tta
1839 3825 2009 3914 obducta,
2032 3847 2073 3905 ut
2098 3853 2160 3909 ae·

676 3952 763 4028 grae
783 3931 938 4004 laciniae
973 3931 1188 4008 foliolorum
1220 3933 1386 4032 distingui
1416 3937 1556 4033 possint.
1624 3943 1666 4019 In
1703 3944 1824 4020 media
1850 3947 1983 4023 fronde
2024 3949 2162 4060 foliola¹

675 4055 783 4148 plane
803 4049 978 4126 deliciunt
997 4067 1035 4124 et
1054 4055 1195 4126 macula
1215 4053 1366 4129 tandum
1384 4058 1482 4131 nuda
1502 4077 1661 4154 apparet
1710 4063 1893 4140 Scutellae
1921 4069 1944 4144 li
1967 4043 2092 4158 adsint,
2115 4074 2158 4149 in

674 4173 837 4268 margine
859 4169 999 4244 frondis
1020 4185 1058 4244 et
1073 4169 1249 4246 foliorum
1271 4172 1459 4268 superficie
1481 4181 1640 4275 locatae,
1660 4205 1809 4282 parvae
1826 4189 2061 4273 orbiculatos,
2080 4193 2160 4284 plaq

675 4313 768 4376 nae,
792 4291 828 4364 in
854 4287 953 4362 disco
975 4311 1024 4363 ex
1046 4293 1178 4388 glauco
1202 4289 1322 4366 fuscae
1340 4296 1399 4367 uel
1418 4293 1629 4394 subfuscae,
1660 4306 1822 4400 margine
1851 4307 1989 4382 foliolis
2016 4331 2162 4385 conco

598 4429 602 4446 ·
675 4405 774 4476 iores
797 4404 1063 4494 integerrimae.
1110 4403 1268 4482 ALich.
1287 4403 1414 4484 stellari
1448 4432 1557 4504 quom
1585 4415 1781 4494 admodum
1813 4426 2027 4512 aemulatur,
2054 4426 2163 4503 fron·

677 4521 783 4595 dibus
806 4519 1039 4620 centrilugis,
1060 4487 1340 4624 pulverulentis,
1371 4525 1529 4610 scutellis
1549 4531 1694 4612 sordide
1720 4536 1852 4630 luscis,
1872 4553 1911 4618 et
1929 4543 2022 4620 loco
2043 4551 2162 4625 natali

524 4707 531 4718 .
676 4641 785 4720 facile
802 4638 935 4720 differt.

2098 4773 2160 4848 88·
