4716 5724
858 476 1058 593 Q
1658 507 1747 610 aa.

222 668 373 748 Lichen
388 662 555 763 gelidus·
595 681 622 735 rr
638 682 747 738 ons.
768 659 824 740 Fl.
841 657 948 753 Ange.
972 661 1036 735 Ed.
1064 677 1141 757 op.
1170 669 1255 754 με.
1285 655 1349 746 (L.
1370 655 1500 732 Hacine.
1539 657 1593 734 Fi.
1616 657 1713 780 Dra,

338 783 417 857 Tan.
441 801 523 872 470.
545 773 574 865 f.
597 775 672 864 ei)

223 898 457 994 scutellaria,
478 904 644 968 cruenta.

223 1013 429 1090 Blutrothe
450 1009 720 1086 Schildflechte.

284 1127 426 1202 Habitat
447 1132 485 1201 in
506 1127 663 1224 rupibus
688 1136 727 1196 et
741 1117 833 1198 saxis
854 1119 1039 1223 Europae,
1055 1123 1510 1222 praesertichrcyniae.

230 1392 377 1472 Llchen
396 1396 604 1485 ventosus3
624 1393 788 1490 leprosus
803 1393 934 1478 flavus,
956 1391 1155 1468 tuberculis
1174 1391 1303 1464 rubris.
1362 1407 1451 1484 cru
1464 1407 1505 1460 ra.
1540 1379 1628 1478 Syll.
1659 1379 1717 1458 Pl·

328 1515 659 1611 albagnano
713 1534 867 1590 uacat.
890 1512 1051 1610 Μαίη).
1073 1521 1132 1602 48.
1152 1533 1187 1584 a.
1213 1513 1248 1583 ὁ.
1309 1524 1572 1582 ronnrcrr.
1601 1502 1716 1579 Paion·

337 1657 372 1710 rr.
400 1643 506 1730 1087.
554 1631 1098 1729 urcurr.dlscat.p'.8en.
1165 1627 1395 1708 nonnil.
1436 1623 1599 1721 Angi.p.
1632 1642 1715 1718 ⁵27·

331 1759 495 1840 (naun.
521 1752 609 1846 ffifl.
629 1751 830 1852 masc.·Tud.
855 1765 910 1842 18.
939 1748 1083 1844 fixas)

225 1865 535 1970 Reti-Spangled
563 1889 770 1950 tartareous
789 1869 942 1946 Lichan.
962 1867 1095 1966 Aegiis.

281 1991 422 2066 Habitat
444 1995 481 2068 in
502 1993 653 2088 Alpium
682 1993 845 2087 rupibus.

327 2105 429 2180 Latis
449 2107 575 2194 crustis
602 2107 758 2183 obducit
776 2107 871 2182 saxa.
920 2102 1048 2180 Crusta
1063 2105 1198 2194 nitens,
1219 2098 1364 2190 rimosa,
1389 2121 1438 2176 ex
1457 2099 1609 2198 glebulis
1620 2116 1717 2196 mag.

230 2224 304 2318 nis,
318 2227 519 2321 granulofis
540 2228 715 2320 conflata,
745 2245 877 2302 recens
898 2225 996 2301 flava
1031 2224 1102 2316 est,
1209 2243 1368 2324 cneum
1411 2225 1547 2316 aliquoi
1574 2223 1717 2302 virore,
1879 2255 1882 2260 ·

230 2363 323 2421 rnox
337 2341 536 2436 viridescit,
555 2347 683 2441 glauca
695 2343 749 2430 fit.
762 2358 801 2420 et
818 2343 968 2422 tandem
986 2346 1026 2420 in
1042 2365 1090 2420 ve
1134 2323 1311 2418 litoribus
1320 2343 1481 2436 albicans
1506 2338 1578 2428 est,
1595 2339 1655 2413 cui
1677 2338 1717 2410 iu

231 2460 477 2539 adultioribus
503 2466 679 2558 imprimis
699 2462 951 2542 immiscentur
968 2465 1102 2561 punsia
1125 2465 1228 2558 nigra
1248 2461 1388 2558 saepius
1422 2463 1590 2550 elevata,
1621 2473 1718 2550 quaa

230 2591 316 2658 cum
338 2581 537 2655 tuberculis
554 2599 631 2656 non
649 2580 911 2658 confundenda
938 2582 1034 2668 sunt,
1054 2599 1211 2676 quorum
1230 2584 1366 2676 absque
1384 2584 1494 2656 'lente
1518 2575 1593 2650 visa
1621 2573 1718 2650 refe·

230 2713 321 2774 runt
337 2699 512 2774 habiurrn.
563 2697 776 2776 Tubercula
792 2722 814 2774 e
831 2699 948 2778 crusta
968 2705 1127 2791 elevata,
1152 2703 1376 2798 irregularia,
1414 2699 1641 2798 glaberrima,
1670 2705 1710 2766 et

232 2817 364 2910 nitida,
374 2821 527 2912 juniora
546 2838 663 2912 parva
692 2819 786 2910 sunt,
805 2841 995 2916 convexa,
1012 2841 1084 2899 nec
1103 2837 1177 2900 tarn
1198 2820 1394 2897 evidenter
1413 2817 1625 2914 marginata,
1642 2799 1712 2888 ele·

231 2953 360 3036 gauter
379 2941 504 3031 rubra,
528 2940 711 3016 adultiora
728 2943 926 3036 majuscula
941 2939 1052 3035 fiunt,
1074 2945 1195 3038 plana,
1220 2944 1349 3016 colore
1379 2940 1611 3024 saturatiore,
1634 2932 1714 3028 evi·

232 3057 363 3132 denter
387 3061 617 3158 marginata,
633 3063 797 3157 margine
821 3059 1043 3136 flavescente
1072 3075 1136 3136 aut
1167 3063 1362 3154 albicante,
1389 3062 1561 3156 integr05
1601 3065 1709 3128 vetu-

231 3175 343 3254 iliora
360 3177 461 3254 fusca
481 3181 660 3273 evadunt,
692 3181 802 3256 etiarn
823 3180 1007 3258 interdum
1026 3182 1065 3256 in
1087 3179 1212 3256 medio
1234 3179 1501 3277 deprimuntur,
1520 3181 1626 3254 itaut
1640 3170 1717 3248 scu·

231 3299 398 3376 cellarum
422 3297 557 3374 faciem
585 3300 663 3375 fere
692 3299 877 3378 assumant.
925 3299 1083 3378 Dilsedla
1111 3301 1209 3376 irtus
1243 3299 1327 3374 alba
1360 3299 1465 3393 sunt,
1492 3297 1632 3374 cortice
1656 3315 1715 3368 ru·

232 3417 314 3491 bro.
366 3415 529 3498 erustaa
552 3421 730 3516 lapidibus
747 3419 903 3514 abscissa,
924 3421 1130 3498 albiffimnm
1153 3419 1307 3496 fundum
1325 3419 1450 3512 babet,
1475 3421 1568 3513 quia
1586 3415 1716 3492 Lithe-

230 3537 289 3624 nis.
304 3539 489 3632 prioribus
513 3542 644 3634 annisp
662 3541 849 3634 utresasli,
872 3543 1033 3636 reliquiis
1055 3556 1157 3616 ortus
1179 3538 1249 3616 else
1273 3538 1431 3614 videtur.
1491 3536 1533 3611 In
1551 3529 1717 3608 vetustis·

229 3655 321 3730 fimo
344 3654 449 3758 statu,
465 3657 582 3734 crusta
597 3659 635 3732 in
659 3657 824 3754 griseam,
857 3663 967 3735 etiam
990 3659 1257 3752 atron-iridem,
1289 3673 1327 3732 ct
1343 3658 1531 3732 tubercula
1548 3657 1586 3730 in
1620 3665 1712 3744 aua,

231 3771 460 3870 splendentia
486 3791 689 3871 mutantur,
712 3781 825 3873 itque,
842 3792 948 3862 tunc
968 3782 1126 3874 plantam
1151 3781 1217 3852 vix
1248 3778 1431 3876 agnoscas.
1505 3797 1617 3850 wan.
1640 3777 1661 3847 l.
1680 3794 1709 3845 c.

137 3901 143 3910 '
228 3891 274 3968 In
292 3915 358 3967 var
380 3895 420 3971 B.
443 3897 559 3972 crusta
582 3897 690 3974 crassa
716 3883 887 3993 telleiata,
905 3899 1035 3996 pallide
1063 3897 1173 3992 flava,
1205 3897 1298 3974 ficta
1325 3901 1463 3994 glauca.
1532 3893 1714 3968 Scutellae

232 4011 387 4108 sparsae,
410 4019 545 4094 rubrae
565 4021 811 4115 marginataer
832 4022 996 4126 margine
1027 4017 1143 4094 crusta
1168 4021 1384 4097 concolora.
1446 4015 1570 4092 Dubia
1592 4015 1718 4110 planta
1766 4111 1768 4114 Ι

233 4127 352 4204 adhuc
375 4133 526 4226 amplius
558 4131 805 4209 describenda.

938 4250 993 4319 Si·

595 4343 836 4424 LICHEN
870 4341 1359 4513 ΤΟΒΟΊΞΙΕὶΟΙᾸίῙΙΟῙΙΒ.

896 4477 938 4520 ⁸.
1006 4471 1128 4526 .sr.

230 4523 370 4612 Licien
399 4539 668 4645 ochrole'ucus3
702 4548 906 4629 crustaceus
939 4575 985 4627 ex
1023 4549 1145 4625 albido
1183 4549 1382 4646 virescens,
1412 4545 1568 4626 scutellis
1594 4548 1712 4624 rubris

332 4637 581 4731 planiusculis.
1691 4729 1693 4734 ¹

908 4741 939 4821 F
959 4768 980 4822 r
1657 4739 1717 4817 Li·
