4754 5750
855 511 1083 642 &k
1297 585 1301 596 ·
1659 561 1714 650 ts

264 706 412 787 Lichen
436 709 604 790 saxatilis.

264 831 523 910 Gcschweiste
552 833 840 918 ulatterflechte.
890 840 1144 919 Steinflechte.
1207 848 1439 928 andasta.
1471 853 1559 938 Eae.
1594 857 1711 958 214.

318 981 357 1054 p.
377 984 437 1056 7²·
465 981 685 1040 svcrrow.
715 965 793 1040 Otr.
824 967 903 1044 But.
924 987 961 1068 p.
982 991 1069 1061 4²4·

263 1079 408 1160 Llehen
431 1087 475 1160 de
499 1085 629 1162 roche.
681 1085 741 1162 De
763 1107 1019 1170 aantaacr.
1041 1093 1101 1170 Fl.
1124 1091 1244 1172 Frate.
1264 1116 1302 1193 p.
1316 1104 1376 1186 γε.

268 1203 410 1282 Lichen
433 1209 562 1283 brods.
591 1211 680 1286 Gall.

264 1327 358 1428 Fdrg
375 1367 387 1380 ·
402 1327 520 1406 massa.
573 1336 696 1410 Saeuis·
744 1335 933 1417 Letmdfl'a.
986 1341 1181 1418 Smolandls.

264 1453 419 1553 Steenig
446 1455 690 1536 Schurftmos.
739 1479 891 1536 nour.
918 1463 1003 1540 Nat.
1039 1461 1129 1556 Hesi.
1163 1460 1253 1538 sla.
1274 1463 1323 1560 st.
1341 1485 1398 1558 ¹4·
1425 1483 1462 1568 p.
1486 1493 1570 1564 512.
1599 1487 1709 1566 nan

263 1573 479 1656 stenmaua.
512 1580 765 1676 Angermannis.
794 1581 907 1659 Steen
925 1626 941 1643 ·
959 1583 1096 1678 mose„
1112 1583 1209 1660 Graa
1240 1589 1303 1662 vel
1333 1587 1417 1664 Blaa
1442 1615 1558 1694 ·graa
1581 1597 1710 1679 steen·

312 1701 444 1796 mose,
486 1699 773 1798 Fatue-mose,
801 1703 1061 1782 Korn-mose.
1112 1709 1288 1808 Noruegis.

266 1823 376 1922 Grey
398 1869 411 1886 ·
432 1828 522 1903 illue
540 1828 661 1923 pitted
687 1827 836 1906 sichen.
887 1831 1021 1926 Aegiis.
1193 1835 1196 1842 ’

264 1947 381 2027 Kolti.
419 1951 492 2049 sap.
519 1971 729 2026 ranunr.
755 1951 837 2030 Am.
865 1951 958 2052 Fass.
980 1953 1024 2031 V.
1039 1967 1077 2052 p.
1091 1959 1176 2048 831.

262 2094 362 2150 nun
377 2095 457 2149 nna.
486 2072 629 2151 Vsneae
652 2074 777 2150 herba.

255 2252 259 2260 -
315 2197 463 2276 Habitat
484 2198 606 2274 ubivis
632 2199 670 2274 in
696 2198 870 2274 arborum
895 2195 1052 2276 cortice.

363 2412 497 2490 Iunior
511 2412 648 2488 Liehen
672 2413 710 2490 in
733 2418 863 2492 orbem
889 2411 1175 2507 semiuncialctn,
1199 2413 1380 2494 uncialcnr
1399 2419 1573 2515 expansus
1592 2421 1707 2522 (Teis.

215 2535 310 2616 XVI.
337 2538 400 2630 a.)
425 2535 523 2612 soliis
550 2537 726 2612 brevibus
750 2537 948 2613 laciniosis:
970 2536 1108 2611 laciniis
1131 2534 1325 2613 latiusculis
1350 2545 1708 2650 trenaro-sinuatis,

213 2663 380 2754 obtusis,
403 2659 647 2758 planiusculis.
699 2660 874 2736 Adultlor
897 2657 1034 2734 Lichen
1055 2656 1179 2750 seusun
1204 2661 1270 2734 vel
1291 2660 1454 2774 rotunde
1479 2667 1543 2739 vel
1569 2667 1709 2770 irregu-

206 2787 331 2862 lariter
360 2775 602 2881 expanditur,
628 2783 820 2860 latitudine
834 2781 939 2876 saepe
960 2777 1131 2877 palmari,
1156 2779 1305 2860 foliolis¹
1321 2785 1607 2870 cohaerentibus
1628 2799 1709 2876 lon·

120 2953 128 2976 .
208 2912 401 3009 gioribus,
425 2907 565 2985 laciniis
585 2907 647 2980 vel
681 2905 878 2982 imbricatis
904 2905 965 2980 vel
991 2901 1187 2980 hincinde
1214 2903 1289 2980 stne
1323 2905 1454 2982 ordine
1477 2909 1622 3010 spartis,
1655 2921 1710 2998 di.
1747 2978 1752 2986 .

212 3034 295 3120 visu
333 3047 373 3108 et
398 3031 567 3119 srnuatis,
588 3031 691 3126 apice
713 3027 913 3115 truncatis,
941 3025 1190 3123 irregulariter
1218 3025 1578 3131 structo-cremus,
1600 3042 1710 3120 latio.

214 3157 337 3251 ribus,
368 3155 562 3231 ueletiam
587 3152 782 3228 linearibus
806 3148 1008 3252 angulatis,
1034 3147 1267 3243 divaricatis,
1292 3147 1398 3246 saepe
1423 3151 1609 3250 incurvis3
1643 3185 1710 3244 un.

216 3281 328 3376 dique
361 3281 485 3356 liberis
529 3293 569 3351 et
602 3279 687 3350 laxe
725 3271 1035 3362 cohaerentibusa
1076 3275 1206 3348 colore
1240 3272 1394 3369 superne
1423 3275 1463 3352 in
1483 3276 1635 3358 humido
1662 3307 1709 3368 ex

217 3409 351 3506 glauco
376 3401 600 3495 virescenti,
626 3397 785 3479 insieco
814 3419 858 3472 er
881 3395 1002 3470 albido
1028 3397 1091 3470 vel
1120 3394 1272 3472 cinereo
1295 3399 1449 3496 glauc03
1488 3417 1611 3482 aetate
1636 3409 1708 3486 ser.

216 3531 400 3626 rugineo,
432 3529 579 3602 tandem
606 3525 820 3624 nigricante.
872 3517 976 3594 Tota
1000 3518 1177 3594 soliorum
1200 3517 1410 3613 superficies
1431 3523 1530 3618 rugis
1557 3542 1596 3601 et
1614 3533 1707 3608 lacu·
1858 3619 1868 3636 ,

217 3653 312 3726 nnlis
341 3650 450 3726 valde
479 3650 676 3744 inaequalis
705 3663 744 3720 et
767 3643 890 3718 scabra
914 3637 981 3734 fit,
1018 3639 1165 3718 lineolis
1191 3639 1356 3717 farinosrs
1383 3645 1490 3718 etiarn
1515 3651 1706 3756 percursa,

217 3772 432 3871 praesertim
456 3774 552 3847 circa
574 3773 769 3846 lacunulas.
822 3763 969 3842 inferne
994 3765 1096 3862 nigra
1116 3761 1198 3838 sunt
1220 3762 1324 3854 folia,
1349 3786 1467 3860 paene
1492 3775 1707 3858 carbonaria

216 3899 255 3976 in
280 3897 404 3975 media
434 3913 560 3992 parte,
592 3892 861 3966 extremitatem
886 3887 1011 3962 versus
1039 3882 1138 3961 fusca
1160 3902 1224 3960 sut
1252 3887 1369 3980 pulla;
1396 3891 1564 3970 radiculis
1593 3901 1707 3998 nigris

214 4023 395 4102 brevibus
422 4019 638 4113 frequenter
667 4033 706 4090 et
732 4009 840 4086 dense
866 4007 1003 4103 obsta,
1040 4009 1101 4082 vel
1131 4001 1349 4100 simplicibus
1381 4013 1441 4085 vel
1474 4013 1555 4096 fisus
1588 4025 1705 4118 apice.

215 4149 399 4226 scutellae
436 4165 572 4240 parvae
613 4132 861 4216 subrotundae
901 4135 946 4208 ab
987 4133 1097 4209 initio
1137 4131 1299 4228 margine
1341 4133 1577 4232 introflexo,
1621 4145 1707 4226 dein

216 4275 378 4367 majores
411 4268 650 4362 irregulares,
688 4257 791 4335 tenui
825 4255 986 4353 margine
1020 4251 1181 4343 clasiae,
1214 4254 1326 4349 magis
1361 4255 1708 4356 planae‚·externe
1838 4257 1841 4266 ’

215 4392 423 4482 lacunosae,
448 4391 592 4466 interne
619 4405 664 4460 ex
690 4381 798 4457 viridi
822 4376 1108 4476 glaucescentes,
1133 4397 1215 4454 cum
1241 4375 1341 4450 soliis
1374 4382 1611 4462 concolores.
1635 4453 1639 4462 ,
1665 4389 1706 4471 ln
1832 4393 1833 4401 ‘

216 4541 298 4596 var.
326 4517 365 4591 B.
395 4514 484 4590 solia
510 4515 721 4606 plerumque
747 4503 904 4596 latiora,
933 4497 1142 4596 praesertim
1166 4499 1384 4592 exteriora,
1413 4503 1561 4578 linearia
1595 4509 1706 4589 etlam

218 4652 423 4720 occurrunt
449 4634 541 4734 (b),
570 4631 707 4726 ubique
729 4625 853 4744 scabra
872 4641 912 4726 et
935 4619 1113 4703 lacunalia
1141 4639 1344 4721 excavata,
1378 4645 1506 4726 parum
1532 4645 1703 4825 creffi,

236 4793 241 4804 .
1569 4769 1588 4822 r
1669 4773 1704 4848 a,
