4716 5724
285 725 402 820 magis
423 719 579 798 cinereo
599 720 661 794 vel
683 715 828 802 albicio,
847 719 953 814 spice
975 720 1110 795 leniter
1129 718 1318 818 subfusco,
1338 721 1519 802 subtuset
1542 723 1639 800 intus
1655 725 1769 806 eciam

287 841 441 932 albido;
464 837 658 914 substantia
674 835 895 914 craffiuscula
912 839 1081 916 calcaria.
1154 843 1336 918 scutellae
1365 843 1582 920 numerosae
1602 867 1768 940 parvae,

193 991 202 1002 -
285 959 417 1036 versus
437 975 606 1036 centrum
627 959 734 1052 saepe
754 961 805 1032 ita
825 973 1019 1034 acervatae
1040 976 1082 1035 ut
1106 963 1282 1053 pulvillos
1303 965 1400 1056 quast
1432 967 1554 1058 plano·
1569 985 1768 1050 convexas

284 1080 511 1170 efformentr
537 1079 751 1174 frequenter
771 1078 925 1173 spatiola
942 1081 1044 1156 ouda
1061 1081 1100 1156 io
1134 1081 1256 1158 media
1285 1083 1403 1160 crusta
1434 1087 1638 1178 relinqunt,
1674 1107 1770 1178 quae

286 1201 582 1278 foliolaiuniora
607 1201 758 1276 minima
788 1201 960 1296 explent3
985 1201 1030 1274 ab
1048 1201 1158 1276 initio
1177 1203 1405 1277 orbiculatae
1428 1223 1644 1296 concavae,
1667 1205 1768 1282 disco

287 1321 426 1397 foliolis
446 1321 674 1410 concolore,
717 1323 881 1420 margine
904 1321 1114 1416 pallidiore,
1150 1319 1277 1416 postea
1310 1339 1483 1398 smutua
1507 1321 1684 1418 presfione
1708 1347 1771 1402 ao·

286 1441 435 1540 gulosae
459 1442 692 1533 inaequales,
725 1445 936 1538 planiores,
954 1444 1116 1538 margine
1135 1442 1256 1537 crispo
1291 1445 1484 1540 granulato
1518 1442 1576 1534 (b)
1605 1445 1769 1530 cinsiast

287 1553 392 1637 diseo
413 1565 451 1638 io
475 1558 626 1634 humido
649 1581 830 1638 convexo
853 1562 1087 1658 margineque
1103 1576 1186 1636 tum
1205 1565 1312 1657 plane
1337 1566 1560 1653 obliterato,
1599 1565 1771 1642 tubercu-

285 1685 322 1758 la
346 1683 584 1771 mencientes,
603 1679 751 1758 demum
772 1685 810 1756 in
827 1681 923 1754 sicco
944 1683 1077 1758 iterum
1103 1681 1327 1776 subsidente,
1349 1686 1556 1778 planiores,
1577 1687 1709 1764 colore
1729 1691 1768 1764 in

286 1801 380 1878 saris
404 1799 611 1878 rufescente
630 1803 692 1876 vel
720 1799 900 1878 subfusco.
950 1799 1181 1898 Saepiuscule
1202 1800 1373 1878 scutellae
1393 1807 1431 1878 in
1455 1807 1650 1879 follaceam
1671 1807 1770 1900 quan

287 1921 520 1998 substantiam
541 1923 748 1998 confluunt.
795 1923 920 1998 Planta
940 1934 1110 2006 emortua
1132 1923 1171 1996 in
1192 1923 1456 2000 ochroleucum
1475 1939 1516 2000 et
1535 1923 1674 2000 luscum
1691 1943 1772 2002 ten·

284 2039 342 2116 dit
362 2043 539 2117 colorem.
588 2039 649 2114 Est
669 2047 780 2116 etiam
802 2043 960 2116 varietas
979 2061 1077 2136 quae
1101 2063 1149 2116 ex
1168 2043 1276 2116 meris
1299 2041 1439 2118 foliolis
1456 2045 1615 2118 minimis
1637 2059 1677 2118 et
1695 2045 1774 2120 scu·

284 2163 385 2236 tellis
406 2163 648 2248 intermixtis,
681 2162 817 2256 absque
838 2159 977 2236 foliolis
1001 2161 1136 2239 ordine
1160 2163 1307 2258 aliquo,
1333 2165 1430 2242 utin
1459 2159 1651 2258 superiori,
1670 2167 1771 2244 citos

289 2283 491 2382 marginem
512 2280 645 2358 locatis
671 2281 927 2378 componitur.

781 2426 1282 2624 Llclllsllucmsmse

909 2675 1048 2734 ‘subm
1066 2673 1148 2746 sgr.

286 2787 429 2868 Lichen
454 2785 600 2879 casium
617 2781 823 2872 cmliaceur
849 2783 1064 2858 imbricatae
1085 2779 1433 2873 albiso-cinereus,
1451 2775 1611 2860 scutellis
1633 2785 1774 2862 coneo

338 2909 502 3000 loribus,
533 2907 734 2984 tuberculis
762 2904 1026 3002 pulverulentis
1046 2902 1169 2978 celiis.

289 3045 405 3126 Psora
432 3041 543 3120 cessa.

290 3179 563 3256 Himmelblaue
585 3175 941 3278 Schuppenflechte,
963 3171 1161 3250 bliulichte
1184 3169 1445 3268 ngelkra'tze.
1720 3245 1726 3252 ,

339 3313 482 3392 Habitat
503 3317 542 3390 in
557 3312 730 3407 Europae
750 3310 865 3405 saris,
884 3309 1084 3406 lapidibus,
1115 3307 1220 3384 reon
1241 3304 1423 3394 schisteis,
1451 3305 1689 3401 trabibusque
1724 3301 1777 3380 se·

290 3435 564 3532 pimentorum,
585 3435 697 3508 etiam
721 3430 828 3528 super
845 3430 989 3508 muscos
1009 3428 1219 3528 praesertim
1239 3429 1375 3524 Bryum
1394 3428 1627 3522 pulvinorum
1649 3443 1778 3500 ιιιιιιι.Ι

385 3565 514 3648 Crusta
537 3567 682 3644 albido·
698 3571 848 3644 cinerea
879 3568 924 3642 ab
943 3566 1052 3642 initio
1080 3561 1227 3640 constat
1248 3563 1386 3638 foliolis
1416 3555 1603 3634 multifidis
1622 3555 1778 3630 subline-

292 3689 414 3768 sribur
444 3689 480 3784 (s
483 3695 512 3781 ),
543 3687 867 3782 cinereo-albidis,
887 3685 1091 3762 laciniatlsa
1111 3683 1252 3756 laciniis
1273 3679 1482 3756 divaricatis
1501 3677 1607 3772 apice
1631 3673 1776 3762 incilisr

291 3811 379 3886 dein
403 3808 546 3886 rosulae
572 3807 666 3884 fiunt
686 3810 930 3899 orbiculares,
951 3803 1135 3894 maiores,
1158 3803 1347 3894 unciales,
1373 3798 1574 3875 biuociales
1595 3795 1777 3872 diametro

293 3931 334 4024 (a
352 3928 411 4026 b),
431 3930 563 4004 foliola
579 3929 732 4026 latiora,
759 3931 863 4023 apice
886 3921 1117 4022 praesertim,
1139 3920 1397 4008 subconvexa,
1417 3917 1610 3994 laciniataa
1634 3915 1777 3993 laciniis

292 4049 527 4138 divaricatis3
546 4048 795 4122 terminalibus
820 4045 1028 4143 fastigiatis,
1049 4044 1249 4152 truncatis,
1267 4037 1501 4132 'ni-nitidis,
1532 4039 1673 4123 incisis,
1700 4055 1780 4108 cre·

292 4168 389 4243 natis
415 4171 494 4262 (c),
515 4171 671 4262 primurn
691 4169 828 4266 gibbis,
859 4165 986 4259 postea
1008 4163 1129 4239 subito
1151 4165 1316 4251 inflexis,
1349 4164 1478 4237 colore
1507 4161 1681 4232 cinereo*
1695 4153 1782 4227 albi·

292 4301 425 4375 canter
445 4303 633 4363 extremae
653 4291 806 4362 laciniae
829 4289 865 4360 in
890 4283 1006 4358 dilute
1032 4286 1239 4357 caeruleum
1259 4281 1420 4355 tendunt
1445 4279 1626 4365 colorem,
1652 4271 1777 4348 subtus
1923 4275 1927 4281 ’

295 4409 475 4494 albicant,
501 4408 626 4482 versus
649 4409 848 4504 marginem
869 4405 1003 4479 leviter
1026 4399 1235 4492 virescunt,
1269 4398 1439 4472 radiculis
1461 4395 1619 4470 minimis
1645 4393 1778 4489 nigris,

292 4547 362 4620 per
380 4529 521 4601 lentem
540 4526 646 4622 saepe
666 4523 809 4616 bifidis,
835 4527 974 4602 obsitae
1000 4534 1038 4596 et
1057 4519 1239 4596 arslillime
1259 4517 1354 4594 saxis
1374 4515 1541 4591 adnatae.
1600 4511 1779 4589 Centrum

297 4643 436 4724 crustae
458 4646 595 4741 ubique
618 4649 776 4744 copiosis
802 4647 940 4723 testum
965 4641 1190 4735 tuberculis,
1209 4635 1464 4728 subrotundis,
1483 4637 1546 4712 vel
1570 4655 1617 4710 ex
1633 4629 1782 4730 superfi-

1039 4762 1095 4840 la
1720 4751 1780 4826 cie
