4754 5750
218 677 452 744 eteoneava
467 655 752 754 conspiciuntur.
804 657 1023 755 snperficiea
1043 657 1348 754 soliorumsrepe
1363 651 1542 752 panstalia
1555 651 1718 732 minutis·

219 787 320 884 sunia
342 783 460 882 nigris
477 783 563 858 hinc
588 783 673 858 inde
695 799 842 859 exarata
860 799 1022 880 apparet.
1063 781 1209 857 inferne
1237 783 1325 856 solia
1349 781 1509 878 margine
1537 779 1714 874 subfusca,

218 908 389 986 interius
415 905 648 998 carbonaria,
672 904 781 981 dense
811 907 981 981 radiculis
1014 905 1257 1000 simplicibus,
1298 905 1469 980 subulatis
1502 905 1613 1002 nigris
1646 899 1714 1001 (d)

219 1031 367 1125 obsrta,
398 1029 600 1104 corticibus
629 1027 726 1104 arete
751 1027 866 1106 affixa.
904 1030 1087 1104 scutellae
1109 1029 1147 1103 in
1169 1029 1299 1124 plantis
1333 1029 1625 1124 pulverulentis,
1660 1048 1718 1101 ra·

218 1156 349 1232 riores
386 1153 491 1245 sunt,
524 1150 795 1246 subrotundae,
827 1153 961 1229 leniter
999 1171 1225 1246 excavatae,
1258 1151 1484 1226 virescentes
1518 1151 1714 1248 irrigatae,

217 1276 417 1357 subfuscae
450 1279 487 1352 in
523 1275 710 1368 siccitate,
745 1275 907 1374 margine
940 1277 1044 1350 tenui
1078 1275 1177 1352 foliis
1216 1279 1422 1353 concolore
1463 1272 1713 1350 circumfusae.

217 1400 434 1480 Substantia
459 1399 636 1478 soliorum
661 1417 794 1493 tenax,
821 1400 906 1486 sere
928 1413 972 1474 ut
993 1401 1029 1476 in
1051 1399 1154 1476 Lich.
1188 1421 1390 1498 caperato,
1415 1400 1474 1476 cui
1507 1397 1626 1491 quoad
1659 1395 1716 1471 so·

216 1523 360 1600 liorum
388 1523 563 1600 strufilura
582 1522 690 1598 valde
716 1523 866 1617 similis,¹
881 1521 943 1598 sed
967 1527 1011 1600 ab
1038 1544 1087 1599 eo
1116 1525 1247 1600 colore
1270 1544 1341 1598 nec
1365 1521 1610 1596 ersrccatione
1644 1541 1715 1596 nec

215 1647 477 1723 maceratione
501 1647 703 1737 mutando,
729 1645 888 1722 scutellis
905 1661 946 1722 et
969 1651 1124 1744 pulvere
1144 1649 1207 1722 illo
1230 1648 1341 1744 longe
1368 1645 1520 1720 recedit.
1555 1643 1588 1718 A
1611 1645 1714 1722 lich.

219 1769 359 1865 glauco
396 1769 590 1846 substantia
620 1771 729 1865 paulo
756 1765 922 1870 crassiore
954 1788 992 1847 et
1017 1771 1116 1846 soliis
1144 1791 1265 1864 neque
1291 1787 1337 1856 ut,
1357 1769 1392 1842 in
1424 1771 1486 1842 iilo
1510 1768 1631 1862 crispis
1650 1768 1713 1842 vel

218 1891 346 1972 liberis
374 1892 526 1986 aliisque
549 1891 651 1968 notia
688 1893 771 1969 satia
800 1891 977 1968 diversus.
1029 1893 1114 1972 Alia
1150 1893 1258 1968 huius
1287 1889 1464 1966 Lichenis
1492 1892 1713 1968 scutellifcra

218 2013 444 2108 individua,
481 2014 520 2090 in
557 2015 707 2094 diversa
747 2015 826 2092 aliis
864 2017 1056 2093 arboribus
1091 2037 1174 2092 curn
1208 2011 1309 2088 Lich.
1347 2010 1482 2088 saxatili
1526 2006 1711 2088 ar'slilsrnre

219 2137 452 2232 commixta,
481 2155 698 2234 occurrunt,
724 2161 818 2234 quae
840 2140 904 2215 nisa
945 2153 1115 2215 accurate
1146 2135 1346 2226 observes,
1386 2157 1456 2231 pro
1491 2134 1627 2210 saxatili
1651 2137 1711 2210 vel

217 2260 292 2334 alio
315 2261 483 2336 Lichene
500 2263 659 2353 habeas,
691 2262 911 2337 omnimodo
932 2258 1054 2356 quoad
1079 2259 1254 2334 soliorum
1277 2257 1452 2334 strueluta
1475 2257 1597 2334 srmilia
1629 2259 1710 2334 sunt

219 2385 288 2460 illis
313 2389 474 2481 pulvere
495 2384 687 2480 adspersas,
721 2383 782 2460 sed
797 2389 954 2480 pulvere
973 2381 1241 2471 destituuntur,
1266 2382 1458 2474 minusque
1485 2385 1556 2458 late
1584 2401 1623 2460 et
1649 2405 1712 2458 ro·

217 2509 339 2586 tunde
371 2507 548 2602 expansa,
583 2507 835 2604 puntlulisque
868 2513 973 2604 saepe
1001 2503 1159 2598 copiosas
1179 2500 1417 2580 minutiffimis
1448 2506 1612 2596 consita,
1646 2529 1710 2582 va·

165 2681 170 2692 .
216 2636 348 2728 rleque
371 2643 442 2725 pro
468 2633 596 2714 ramuli
618 2629 734 2730 figura
762 2630 821 2709 cui
848 2629 1003 2714 insident
1021 2629 1137 2720 flexa,
1165 2625 1330 2702 scutellas
1358 2639 1493 2724 gerunt
1526 2625 1708 2722 copiosas.

218 2753 394 2832 luniores
417 2753 590 2830 scutellae
611 2753 780 2830 minimae
805 2752 908 2846 sunt,
936 2751 1207 2844 subrotundae,
1232 2749 1393 2848 margine
1419 2749 1565 2848 integro
1585 2753 1709 2829 albicio

218 2877 386 2969 cinsiae,
406 2877 563 2969 majores
586 2876 694 2952 lentis
718 2877 1003 2976 magnitudinem
1029 2875 1169 2970 saepius
1198 2875 1396 2963 excedunt,
1419 2873 1579 2970 margine
1603 2873 1711 2970 saepe

218 2999 411 3100 irregulari
431 2994 549 3093 crispo
570 2996 718 3092 septae,
748 2999 787 3072 in
810 2997 909 3073 disco
933 3014 1132 3074 excavatae
1154 2999 1304 3092 leviter,
1324 2995 1551 3078 nummatas
1575 2995 1709 3093 exoli-

218 3145 343 3202 vaceo
365 3121 614 3230 virescentes,
633 3120 833 3198 exsiccatae
860 3119 1045 3199 castaneae
1071 3125 1338 3223 aerumnae.
1388 3211 1395 3222 ι

737 3405 741 3411 .
914 3363 1010 3438 ros.

511 3503 512 3506 ‘
628 3509 891 3600 LlCHE'N
964 3511 1295 3601 GLAVCVS.

818 3683 886 3748 leb.
907 3685 971 3742 xx.
1006 3687 1068 3758 Fir.
1088 3707 1113 3750 r.

149 3832 153 3848 “
272 3829 412 3906 Licben
437 3827 626 3926 glaucuar.
642 3825 822 3904 iolioceus
844 3829 1029 3924 w‹lspressne
1053 3829 1200 3910 lobatus
1226 3831 1373 3931 glaber,
1398 3829 1567 3930 margine·
1584 3831 1702 3929 crispo
1828 3809 1831 3814 ¹

241 4021 245 4030 .
321 3951 524 4028 farinacea.
573 3971 706 4037 aanor
736 3951 821 4047 Sylla
855 3956 964 4048 Vrget.
995 3957 1061 4030 Erl.
1086 3979 1142 4048 14.
1177 3973 1210 4056 p.
1226 3961 1310 4052 961.
1344 3979 1378 4030 n.
1394 3960 1453 4050 ⁶7·
1483 3960 1568 4055 Sall.
1596 3961 1700 4051 Pla

265 4093 579 4174 ,ipsannsn
602 4075 661 4154 Fa
683 4075 780 4164 Suae,
800 4075 913 4154 uua
935 4102 1093 4176 n.1094.
1146 4083 1526 4176 masconensis·
1579 4101 1701 4172 ussup
1834 4123 1835 4126 κ

322 4199 428 4276 Harl.
458 4201 592 4293 raes&
641 4218 789 4278 avua.
821 4200 1098 4296 Nauaron
1149 4204 1701 4291 notaremPaletattrr.

323 4342 525 4397 tronea.
553 4321 611 4398 Fi.
634 4325 720 4398 Scor.
741 4340 778 4420 p.
793 4333 876 4416 838.
930 4345 1046 4398 waere.
1074 4325 1188 4422 sprot.
1211 4341 1346 4423 praa.
1372 4345 1503 4418 stays,
1556 4344 1702 4403 aava.

301 4447 445 4548 ,Protin
474 4445 531 4522 ΡΑ
566 4447 685 4534 Seurri.
720 4453 886 4539 argon.
937 4467 1075 4521 uros.
1113 4448 1217 4544 Aagl.
1252 4447 1521 4546 lid.r.p.5v3.
1574 4467 1701 4533 beve.

322 4569 607 4668 Halugsdsalat
630 4593 664 4646 n.
682 4589 789 4661 ausa
839 4581 1078 4664 astrosus
1101 4572 1162 4652 lo.
1191 4572 1378 4656 osenna
1403 4577 1562 4664 aestio.

978 4689 1065 4768 Nu
1488 4761 1492 4768 .
1560 4691 1702 4770 Lichen
