<?xml version="1.0" encoding="UTF-8"?>
<!DOCTYPE html PUBLIC "-//W3C//DTD XHTML 1.0 Transitional//EN"
    "http://www.w3.org/TR/xhtml1/DTD/xhtml1-transitional.dtd">
<html xmlns="http://www.w3.org/1999/xhtml" xml:lang="en" lang="en">
 <head>
  <title>
</title>
<meta http-equiv="Content-Type" content="text/html;charset=utf-8" />
  <meta name='ocr-system' content='tesseract 3.04.00' />
  <meta name='ocr-capabilities' content='ocr_page ocr_carea ocr_par ocr_line ocrx_word'/>
</head>
<body>
  <div class='ocr_page' id='page_1' title='image "./enumeratioliche00hoffgoog_0100.png"; bbox 0 0 4754 5750; ppageno 0'>
   <div class='ocr_carea' id='block_1_1' title="bbox 202 719 1748 2522">
    <p class='ocr_par' dir='ltr' id='par_1_1' title="bbox 202 719 1748 2522">
     <span class='ocr_line' id='line_1_1' title="bbox 207 719 1705 826; baseline 0.006 -23"><span class='ocrx_word' id='word_1_1' title='bbox 207 722 314 826; x_wconf 81' lang='lat' dir='ltr'>susan</span> <span class='ocrx_word' id='word_1_2' title='bbox 343 724 412 802; x_wconf 87' lang='lat' dir='ltr'>vei</span> <span class='ocrx_word' id='word_1_3' title='bbox 439 719 823 798; x_wconf 84' lang='lat' dir='ltr'>oiivaceo·umbrino</span> <span class='ocrx_word' id='word_1_4' title='bbox 850 721 961 799; x_wconf 79' lang='lat' dir='ltr'>tintta</span> <span class='ocrx_word' id='word_1_5' title='bbox 987 723 1094 818; x_wconf 65' lang='lat' dir='ltr'>sanct</span> <span class='ocrx_word' id='word_1_6' title='bbox 1126 723 1164 800; x_wconf 92' lang='lat' dir='ltr'>in</span> <span class='ocrx_word' id='word_1_7' title='bbox 1194 721 1271 798; x_wconf 86' lang='lat' dir='ltr'>aliis</span> <span class='ocrx_word' id='word_1_8' title='bbox 1299 743 1345 800; x_wconf 83' lang='lat' dir='ltr'>ex</span> <span class='ocrx_word' id='word_1_9' title='bbox 1372 723 1569 805; x_wconf 86' lang='lat' dir='ltr'>virescenti</span> <span class='ocrx_word' id='word_1_10' title='bbox 1604 735 1705 812; x_wconf 90' lang='lat' dir='ltr'>ciue·</span> 
     </span>
     <span class='ocr_line' id='line_1_2' title="bbox 204 845 1705 948; baseline 0.006 -22"><span class='ocrx_word' id='word_1_11' title='bbox 204 871 307 946; x_wconf 86' lang='lat' dir='ltr'>reo,</span> <span class='ocrx_word' id='word_1_12' title='bbox 332 871 405 948; x_wconf 89' lang='lat' dir='ltr'>per</span> <span class='ocrx_word' id='word_1_13' title='bbox 427 848 623 926; x_wconf 86' lang='lat' dir='ltr'>siccitatem</span> <span class='ocrx_word' id='word_1_14' title='bbox 649 845 784 923; x_wconf 88' lang='lat' dir='ltr'>albido.</span> <span class='ocrx_word' id='word_1_15' title='bbox 826 845 1046 943; x_wconf 86' lang='lat' dir='ltr'>Superbcies</span> <span class='ocrx_word' id='word_1_16' title='bbox 1071 845 1208 944; x_wconf 82' lang='lat' dir='ltr'>rugatis</span> <span class='ocrx_word' id='word_1_17' title='bbox 1240 861 1279 920; x_wconf 92' lang='lat' dir='ltr'>et</span> <span class='ocrx_word' id='word_1_18' title='bbox 1296 849 1472 924; x_wconf 87' lang='lat' dir='ltr'>lacunuiis</span> <span class='ocrx_word' id='word_1_19' title='bbox 1501 859 1705 938; x_wconf 77' lang='lat' dir='ltr'>tenerrimis</span> 
     </span>
     <span class='ocr_line' id='line_1_3' title="bbox 205 968 1703 1078; baseline -0.003 -30"><span class='ocrx_word' id='word_1_20' title='bbox 205 972 442 1068; x_wconf 82' lang='lat' dir='ltr'>inaequalis,</span> <span class='ocrx_word' id='word_1_21' title='bbox 475 971 682 1046; x_wconf 85' lang='lat' dir='ltr'>verrucuiis</span> <span class='ocrx_word' id='word_1_22' title='bbox 725 968 941 1064; x_wconf 84' lang='lat' dir='ltr'>saepiffine,</span> <span class='ocrx_word' id='word_1_23' title='bbox 976 970 1159 1060; x_wconf 87' lang='lat' dir='ltr'>minimis,</span> <span class='ocrx_word' id='word_1_24' title='bbox 1193 971 1547 1068; x_wconf 84' lang='lat' dir='ltr'>piano-convexis,</span> <span class='ocrx_word' id='word_1_25' title='bbox 1589 981 1703 1078; x_wconf 83' lang='lat' dir='ltr'>nigri.</span> 
     </span>
     <span class='ocr_line' id='line_1_4' title="bbox 206 1089 1703 1194; baseline 0.004 -22"><span class='ocrx_word' id='word_1_26' title='bbox 206 1095 405 1188; x_wconf 75' lang='lat' dir='ltr'>cantibus,</span> <span class='ocrx_word' id='word_1_27' title='bbox 436 1113 503 1190; x_wconf 88' lang='lat' dir='ltr'>per</span> <span class='ocrx_word' id='word_1_28' title='bbox 529 1096 665 1169; x_wconf 88' lang='lat' dir='ltr'>lentem</span> <span class='ocrx_word' id='word_1_29' title='bbox 692 1093 827 1191; x_wconf 86' lang='lat' dir='ltr'>exiguo</span> <span class='ocrx_word' id='word_1_30' title='bbox 850 1092 1030 1168; x_wconf 84' lang='lat' dir='ltr'>foramine</span> <span class='ocrx_word' id='word_1_31' title='bbox 1057 1089 1286 1186; x_wconf 84' lang='lat' dir='ltr'>conspicuis,</span> <span class='ocrx_word' id='word_1_32' title='bbox 1321 1115 1368 1169; x_wconf 85' lang='lat' dir='ltr'>ex</span> <span class='ocrx_word' id='word_1_33' title='bbox 1398 1119 1474 1192; x_wconf 90' lang='lat' dir='ltr'>quo</span> <span class='ocrx_word' id='word_1_34' title='bbox 1510 1103 1703 1194; x_wconf 83' lang='lat' dir='ltr'>pulverem</span> 
     </span>
     <span class='ocr_line' id='line_1_5' title="bbox 202 1213 1702 1324; baseline 0.009 -33"><span class='ocrx_word' id='word_1_35' title='bbox 202 1215 441 1316; x_wconf 87' lang='lat' dir='ltr'>granulosam</span> <span class='ocrx_word' id='word_1_36' title='bbox 466 1218 601 1311; x_wconf 87' lang='lat' dir='ltr'>ejicere</span> <span class='ocrx_word' id='word_1_37' title='bbox 625 1215 801 1292; x_wconf 87' lang='lat' dir='ltr'>videntur</span> <span class='ocrx_word' id='word_1_38' title='bbox 823 1213 924 1311; x_wconf 87' lang='lat' dir='ltr'>(a),</span> <span class='ocrx_word' id='word_1_39' title='bbox 957 1214 1085 1290; x_wconf 88' lang='lat' dir='ltr'>obsrta.</span> <span class='ocrx_word' id='word_1_40' title='bbox 1152 1213 1300 1292; x_wconf 85' lang='lat' dir='ltr'>tnferne</span> <span class='ocrx_word' id='word_1_41' title='bbox 1333 1219 1425 1296; x_wconf 84' lang='lat' dir='ltr'>solia</span> <span class='ocrx_word' id='word_1_42' title='bbox 1460 1221 1597 1320; x_wconf 87' lang='lat' dir='ltr'>nitida,</span> <span class='ocrx_word' id='word_1_43' title='bbox 1634 1251 1702 1324; x_wconf 86' lang='lat' dir='ltr'>per</span> 
     </span>
     <span class='ocr_line' id='line_1_6' title="bbox 206 1335 1705 1436; baseline 0.007 -21"><span class='ocrx_word' id='word_1_44' title='bbox 206 1360 293 1416; x_wconf 85' lang='lat' dir='ltr'>oras</span> <span class='ocrx_word' id='word_1_45' title='bbox 319 1337 430 1414; x_wconf 89' lang='lat' dir='ltr'>fusco</span> <span class='ocrx_word' id='word_1_46' title='bbox 455 1340 519 1414; x_wconf 86' lang='lat' dir='ltr'>vel</span> <span class='ocrx_word' id='word_1_47' title='bbox 543 1338 737 1432; x_wconf 89' lang='lat' dir='ltr'>castaneo,</span> <span class='ocrx_word' id='word_1_48' title='bbox 760 1340 946 1416; x_wconf 88' lang='lat' dir='ltr'>interdurn</span> <span class='ocrx_word' id='word_1_49' title='bbox 969 1353 1092 1414; x_wconf 85' lang='lat' dir='ltr'>tamen</span> <span class='ocrx_word' id='word_1_50' title='bbox 1121 1358 1204 1412; x_wconf 92' lang='lat' dir='ltr'>cum</span> <span class='ocrx_word' id='word_1_51' title='bbox 1227 1335 1407 1436; x_wconf 84' lang='lat' dir='ltr'>superiori</span> <span class='ocrx_word' id='word_1_52' title='bbox 1433 1360 1539 1436; x_wconf 82' lang='lat' dir='ltr'>parte</span> <span class='ocrx_word' id='word_1_53' title='bbox 1569 1349 1705 1431; x_wconf 88' lang='lat' dir='ltr'>eodem</span> 
     </span>
     <span class='ocr_line' id='line_1_7' title="bbox 206 1461 1704 1564; baseline 0.001 -24"><span class='ocrx_word' id='word_1_54' title='bbox 206 1467 369 1558; x_wconf 86' lang='lat' dir='ltr'>colore,</span> <span class='ocrx_word' id='word_1_55' title='bbox 394 1462 551 1539; x_wconf 89' lang='lat' dir='ltr'>interius</span> <span class='ocrx_word' id='word_1_56' title='bbox 578 1463 713 1560; x_wconf 92' lang='lat' dir='ltr'>nigro,</span> <span class='ocrx_word' id='word_1_57' title='bbox 735 1466 872 1562; x_wconf 87' lang='lat' dir='ltr'>ruguiis</span> <span class='ocrx_word' id='word_1_58' title='bbox 899 1462 1038 1538; x_wconf 89' lang='lat' dir='ltr'>teneris</span> <span class='ocrx_word' id='word_1_59' title='bbox 1067 1461 1252 1558; x_wconf 87' lang='lat' dir='ltr'>eiegauter</span> <span class='ocrx_word' id='word_1_60' title='bbox 1285 1477 1325 1536; x_wconf 86' lang='lat' dir='ltr'>et</span> <span class='ocrx_word' id='word_1_61' title='bbox 1355 1465 1601 1564; x_wconf 86' lang='lat' dir='ltr'>reticulatim,</span> <span class='ocrx_word' id='word_1_62' title='bbox 1638 1496 1704 1551; x_wconf 76' lang='lat' dir='ltr'>ve·</span> 
     </span>
     <span class='ocr_line' id='line_1_8' title="bbox 205 1581 1707 1690; baseline 0 -30"><span class='ocrx_word' id='word_1_63' title='bbox 205 1589 380 1662; x_wconf 87' lang='lat' dir='ltr'>nolarum</span> <span class='ocrx_word' id='word_1_64' title='bbox 407 1586 447 1662; x_wconf 92' lang='lat' dir='ltr'>in</span> <span class='ocrx_word' id='word_1_65' title='bbox 467 1585 616 1662; x_wconf 92' lang='lat' dir='ltr'>modum</span> <span class='ocrx_word' id='word_1_66' title='bbox 636 1586 828 1678; x_wconf 86' lang='lat' dir='ltr'>percursa,</span> <span class='ocrx_word' id='word_1_67' title='bbox 853 1587 1021 1664; x_wconf 87' lang='lat' dir='ltr'>radiculis</span> <span class='ocrx_word' id='word_1_68' title='bbox 1048 1583 1191 1682; x_wconf 86' lang='lat' dir='ltr'>nigris,</span> <span class='ocrx_word' id='word_1_69' title='bbox 1223 1581 1377 1679; x_wconf 86' lang='lat' dir='ltr'>trifidis,</span> <span class='ocrx_word' id='word_1_70' title='bbox 1402 1589 1629 1690; x_wconf 86' lang='lat' dir='ltr'>quatrifidis,</span> <span class='ocrx_word' id='word_1_71' title='bbox 1651 1597 1707 1676; x_wconf 82' lang='lat' dir='ltr'>in.</span> 
     </span>
     <span class='ocr_line' id='line_1_9' title="bbox 210 1705 1704 1808; baseline 0.007 -26"><span class='ocrx_word' id='word_1_72' title='bbox 210 1709 346 1783; x_wconf 85' lang='lat' dir='ltr'>teriori</span> <span class='ocrx_word' id='word_1_73' title='bbox 380 1709 444 1784; x_wconf 80' lang='lat' dir='ltr'>fita</span> <span class='ocrx_word' id='word_1_74' title='bbox 469 1723 573 1806; x_wconf 88' lang='lat' dir='ltr'>parte</span> <span class='ocrx_word' id='word_1_75' title='bbox 600 1709 661 1782; x_wconf 87' lang='lat' dir='ltr'>vei</span> <span class='ocrx_word' id='word_1_76' title='bbox 694 1709 766 1784; x_wconf 83' lang='lat' dir='ltr'>bair</span> <span class='ocrx_word' id='word_1_77' title='bbox 802 1709 916 1786; x_wconf 84' lang='lat' dir='ltr'>affixa.</span> <span class='ocrx_word' id='word_1_78' title='bbox 970 1707 1112 1782; x_wconf 88' lang='lat' dir='ltr'>Natura</span> <span class='ocrx_word' id='word_1_79' title='bbox 1148 1705 1318 1808; x_wconf 78' lang='lat' dir='ltr'>Lichenis</span> <span class='ocrx_word' id='word_1_80' title='bbox 1347 1709 1480 1786; x_wconf 82' lang='lat' dir='ltr'>flexilis</span> <span class='ocrx_word' id='word_1_81' title='bbox 1521 1719 1632 1794; x_wconf 86' lang='lat' dir='ltr'>etiam</span> <span class='ocrx_word' id='word_1_82' title='bbox 1664 1721 1704 1800; x_wconf 86' lang='lat' dir='ltr'>in</span> 
     </span>
     <span class='ocr_line' id='line_1_10' title="bbox 208 1827 1735 1928; baseline 0.008 -24"><span class='ocrx_word' id='word_1_83' title='bbox 208 1828 404 1924; x_wconf 81' lang='lat' dir='ltr'>siccitate,</span> <span class='ocrx_word' id='word_1_84' title='bbox 429 1853 643 1928; x_wconf 84' lang='lat' dir='ltr'>papyracea.</span> <span class='ocrx_word' id='word_1_85' title='bbox 687 1832 865 1908; x_wconf 72' lang='lat' dir='ltr'>scutellas</span> <span class='ocrx_word' id='word_1_86' title='bbox 892 1855 912 1906; x_wconf 93' lang='lat' dir='ltr'>a</span> <span class='ocrx_word' id='word_1_87' title='bbox 937 1853 995 1908; x_wconf 86' lang='lat' dir='ltr'>me</span> <span class='ocrx_word' id='word_1_88' title='bbox 1017 1827 1181 1904; x_wconf 72' lang='lat' dir='ltr'>nondun</span> <span class='ocrx_word' id='word_1_89' title='bbox 1214 1827 1450 1923; x_wconf 86' lang='lat' dir='ltr'>observatas,</span> <span class='ocrx_word' id='word_1_90' title='bbox 1490 1839 1550 1910; x_wconf 85' lang='lat' dir='ltr'>aiii</span> <span class='ocrx_word' id='word_1_91' title='bbox 1575 1845 1735 1922; x_wconf 79' lang='lat' dir='ltr'>conca.¹</span> 
     </span>
     <span class='ocr_line' id='line_1_11' title="bbox 206 1951 1702 2058; baseline 0.009 -35"><span class='ocrx_word' id='word_1_92' title='bbox 206 1971 299 2046; x_wconf 88' lang='lat' dir='ltr'>vas,</span> <span class='ocrx_word' id='word_1_93' title='bbox 325 1965 437 2028; x_wconf 83' lang='lat' dir='ltr'>extus</span> <span class='ocrx_word' id='word_1_94' title='bbox 462 1953 649 2041; x_wconf 80' lang='lat' dir='ltr'>cinereae,</span> <span class='ocrx_word' id='word_1_95' title='bbox 683 1953 782 2030; x_wconf 89' lang='lat' dir='ltr'>intus</span> <span class='ocrx_word' id='word_1_96' title='bbox 819 1955 934 2032; x_wconf 86' lang='lat' dir='ltr'>fuscas</span> <span class='ocrx_word' id='word_1_97' title='bbox 969 1955 1032 2028; x_wconf 84' lang='lat' dir='ltr'>vei</span> <span class='ocrx_word' id='word_1_98' title='bbox 1063 1954 1214 2043; x_wconf 89' lang='lat' dir='ltr'>rubras,</span> <span class='ocrx_word' id='word_1_99' title='bbox 1250 1951 1434 2028; x_wconf 89' lang='lat' dir='ltr'>interdum</span> <span class='ocrx_word' id='word_1_100' title='bbox 1462 1955 1702 2058; x_wconf 70' lang='lat' dir='ltr'>substipitasss</span> 
     </span>
     <span class='ocr_line' id='line_1_12' title="bbox 212 2071 1707 2184; baseline 0.006 -36"><span class='ocrx_word' id='word_1_101' title='bbox 212 2071 285 2148; x_wconf 84' lang='lat' dir='ltr'>esse</span> <span class='ocrx_word' id='word_1_102' title='bbox 310 2075 527 2171; x_wconf 88' lang='lat' dir='ltr'>perhibent.</span> <span class='ocrx_word' id='word_1_103' title='bbox 565 2075 668 2154; x_wconf 89' lang='lat' dir='ltr'>Lich.</span> <span class='ocrx_word' id='word_1_104' title='bbox 695 2077 855 2174; x_wconf 87' lang='lat' dir='ltr'>perlatus</span> <span class='ocrx_word' id='word_1_105' title='bbox 888 2077 998 2174; x_wconf 88' lang='lat' dir='ltr'>iunge</span> <span class='ocrx_word' id='word_1_106' title='bbox 1024 2073 1165 2150; x_wconf 87' lang='lat' dir='ltr'>diversa</span> <span class='ocrx_word' id='word_1_107' title='bbox 1194 2095 1214 2150; x_wconf 85' lang='lat' dir='ltr'>a</span> <span class='ocrx_word' id='word_1_108' title='bbox 1243 2073 1370 2150; x_wconf 85' lang='lat' dir='ltr'>noiiro</span> <span class='ocrx_word' id='word_1_109' title='bbox 1405 2075 1563 2176; x_wconf 85' lang='lat' dir='ltr'>species,</span> <span class='ocrx_word' id='word_1_110' title='bbox 1606 2093 1707 2184; x_wconf 81' lang='lat' dir='ltr'>quod</span> 
     </span>
     <span class='ocr_line' id='line_1_13' title="bbox 211 2189 1748 2310; baseline 0.003 -38"><span class='ocrx_word' id='word_1_111' title='bbox 211 2196 324 2274; x_wconf 88' lang='lat' dir='ltr'>etiam</span> <span class='ocrx_word' id='word_1_112' title='bbox 349 2200 450 2275; x_wconf 87' lang='lat' dir='ltr'>bene</span> <span class='ocrx_word' id='word_1_113' title='bbox 468 2199 615 2276; x_wconf 91' lang='lat' dir='ltr'>monuit</span> <span class='ocrx_word' id='word_1_114' title='bbox 635 2195 690 2276; x_wconf 87' lang='lat' dir='ltr'>ct.</span> <span class='ocrx_word' id='word_1_115' title='bbox 709 2218 1015 2274; x_wconf 80' lang='lat' dir='ltr'>annnsnrvs</span> <span class='ocrx_word' id='word_1_116' title='bbox 1043 2195 1210 2294; x_wconf 76' lang='lat' dir='ltr'>(anto.</span> <span class='ocrx_word' id='word_1_117' title='bbox 1238 2199 1284 2272; x_wconf 92' lang='lat' dir='ltr'><em>N</em></span> <span class='ocrx_word' id='word_1_118' title='bbox 1315 2197 1457 2293; x_wconf 86' lang='lat' dir='ltr'>Magaz.</span> <span class='ocrx_word' id='word_1_119' title='bbox 1486 2203 1529 2294; x_wconf 78' lang='lat' dir='ltr'>B.</span> <span class='ocrx_word' id='word_1_120' title='bbox 1544 2227 1579 2296; x_wconf 87' lang='lat'>4.</span> <span class='ocrx_word' id='word_1_121' title='bbox 1602 2214 1653 2290; x_wconf 83' lang='lat' dir='ltr'>St.</span> <span class='ocrx_word' id='word_1_122' title='bbox 1666 2239 1704 2310; x_wconf 75' lang='lat'>4,</span> <span class='ocrx_word' id='word_1_123' title='bbox 1745 2189 1748 2203; x_wconf 80' lang='lat'>&#39;</span> 
     </span>
     <span class='ocr_line' id='line_1_14' title="bbox 205 2319 1709 2420; baseline 0.006 -28"><span class='ocrx_word' id='word_1_124' title='bbox 205 2335 243 2416; x_wconf 87' lang='lat' dir='ltr'>p.</span> <span class='ocrx_word' id='word_1_125' title='bbox 258 2319 391 2412; x_wconf 66' lang='lat'><em>322).</em></span> <span class='ocrx_word' id='word_1_126' title='bbox 445 2321 654 2396; x_wconf 85' lang='lat' dir='ltr'>Varietates</span> <span class='ocrx_word' id='word_1_127' title='bbox 677 2323 785 2417; x_wconf 88' lang='lat' dir='ltr'>hujus</span> <span class='ocrx_word' id='word_1_128' title='bbox 805 2319 976 2396; x_wconf 85' lang='lat' dir='ltr'>Licbeuis</span> <span class='ocrx_word' id='word_1_129' title='bbox 1002 2321 1138 2416; x_wconf 87' lang='lat' dir='ltr'>aliquas</span> <span class='ocrx_word' id='word_1_130' title='bbox 1162 2339 1184 2394; x_wconf 90' lang='lat' dir='ltr'>a</span> <span class='ocrx_word' id='word_1_131' title='bbox 1207 2341 1267 2396; x_wconf 84' lang='lat' dir='ltr'>mc</span> <span class='ocrx_word' id='word_1_132' title='bbox 1294 2319 1465 2398; x_wconf 73' lang='lat' dir='ltr'>coliebias</span> <span class='ocrx_word' id='word_1_133' title='bbox 1490 2327 1555 2404; x_wconf 82' lang='lat' dir='ltr'>etsr</span> <span class='ocrx_word' id='word_1_134' title='bbox 1584 2333 1709 2420; x_wconf 85' lang='lat' dir='ltr'>ievio.</span> 
     </span>
     <span class='ocr_line' id='line_1_15' title="bbox 210 2439 875 2522; baseline 0.015 -10"><span class='ocrx_word' id='word_1_135' title='bbox 210 2439 263 2516; x_wconf 87' lang='lat' dir='ltr'>ris</span> <span class='ocrx_word' id='word_1_136' title='bbox 285 2442 472 2520; x_wconf 87' lang='lat' dir='ltr'>momenti</span> <span class='ocrx_word' id='word_1_137' title='bbox 496 2457 619 2522; x_wconf 89' lang='lat' dir='ltr'>tamen</span> <span class='ocrx_word' id='word_1_138' title='bbox 637 2445 875 2522; x_wconf 82' lang='lat' dir='ltr'>enumerabo.</span> 
     </span>
    </p>
   </div>
   <div class='ocr_carea' id='block_1_2' title="bbox 215 2609 1710 3314">
    <p class='ocr_par' dir='ltr' id='par_1_2' title="bbox 215 2609 1710 3314">
     <span class='ocr_line' id='line_1_16' title="bbox 946 2609 981 2666; baseline 0.057 -2"><span class='ocrx_word' id='word_1_139' title='bbox 946 2609 981 2666; x_wconf 85' lang='grc' dir='ltr'>ι.</span> 
     </span>
     <span class='ocr_line' id='line_1_17' title="bbox 268 2699 1710 2804; baseline 0.004 -20"><span class='ocrx_word' id='word_1_140' title='bbox 268 2707 416 2785; x_wconf 90' lang='lat' dir='ltr'>Lichen</span> <span class='ocrx_word' id='word_1_141' title='bbox 438 2708 616 2784; x_wconf 84' lang='lat' dir='ltr'>soliaceus</span> <span class='ocrx_word' id='word_1_142' title='bbox 642 2705 823 2804; x_wconf 80' lang='lat' dir='ltr'>depressus</span> <span class='ocrx_word' id='word_1_143' title='bbox 847 2705 1013 2780; x_wconf 84' lang='lat' dir='ltr'>lobatusr</span> <span class='ocrx_word' id='word_1_144' title='bbox 1035 2703 1130 2778; x_wconf 86' lang='lat' dir='ltr'>lobis</span> <span class='ocrx_word' id='word_1_145' title='bbox 1149 2699 1278 2778; x_wconf 74' lang='lat' dir='ltr'>erebtis</span> <span class='ocrx_word' id='word_1_146' title='bbox 1302 2699 1537 2786; x_wconf 80' lang='lat' dir='ltr'>subrotundis</span> <span class='ocrx_word' id='word_1_147' title='bbox 1549 2764 1563 2802; x_wconf 89' lang='lat'>‚</span> <span class='ocrx_word' id='word_1_148' title='bbox 1589 2726 1710 2796; x_wconf 80' lang='lat' dir='ltr'>extre·</span> 
     </span>
     <span class='ocr_line' id='line_1_18' title="bbox 313 2823 1492 2928; baseline -0.003 -21"><span class='ocrx_word' id='word_1_149' title='bbox 313 2832 386 2907; x_wconf 86' lang='lat' dir='ltr'>mis</span> <span class='ocrx_word' id='word_1_150' title='bbox 412 2831 574 2928; x_wconf 81' lang='lat' dir='ltr'>margine</span> <span class='ocrx_word' id='word_1_151' title='bbox 596 2828 730 2921; x_wconf 84' lang='lat' dir='ltr'>fuscis,</span> <span class='ocrx_word' id='word_1_152' title='bbox 758 2830 902 2923; x_wconf 85' lang='lat' dir='ltr'>amplis,</span> <span class='ocrx_word' id='word_1_153' title='bbox 935 2828 1174 2902; x_wconf 88' lang='lat' dir='ltr'>interioribus</span> <span class='ocrx_word' id='word_1_154' title='bbox 1202 2823 1324 2920; x_wconf 87' lang='lat' dir='ltr'>crispis</span> <span class='ocrx_word' id='word_1_155' title='bbox 1348 2827 1492 2922; x_wconf 89' lang='lat' dir='ltr'>glabris.</span> 
     </span>
     <span class='ocr_line' id='line_1_19' title="bbox 265 2947 1459 3044; baseline -0.008 -12"><span class='ocrx_word' id='word_1_156' title='bbox 265 2953 415 3032; x_wconf 78' lang='lat' dir='ltr'>Habitat</span> <span class='ocrx_word' id='word_1_157' title='bbox 438 2954 473 3028; x_wconf 92' lang='lat' dir='ltr'>in</span> <span class='ocrx_word' id='word_1_158' title='bbox 498 2951 677 3028; x_wconf 82' lang='lat' dir='ltr'>emortuis</span> <span class='ocrx_word' id='word_1_159' title='bbox 704 2953 923 3041; x_wconf 78' lang='lat' dir='ltr'>arboribus,</span> <span class='ocrx_word' id='word_1_160' title='bbox 951 2954 1011 3024; x_wconf 88' lang='lat' dir='ltr'>vei</span> <span class='ocrx_word' id='word_1_161' title='bbox 1030 2947 1236 3044; x_wconf 81' lang='lat' dir='ltr'>sepimentis</span> <span class='ocrx_word' id='word_1_162' title='bbox 1266 2947 1409 3042; x_wconf 87' lang='lat' dir='ltr'>ligneis.</span> <span class='ocrx_word' id='word_1_163' title='bbox 1455 2971 1459 3022; x_wconf 78' lang='grc' dir='ltr'><em>τ</em></span> 
     </span>
     <span class='ocr_line' id='line_1_20' title="bbox 369 3082 1708 3186; baseline 0 -18"><span class='ocrx_word' id='word_1_164' title='bbox 369 3091 564 3168; x_wconf 78' lang='lat' dir='ltr'>Exteriore</span> <span class='ocrx_word' id='word_1_165' title='bbox 587 3093 653 3168; x_wconf 77' lang='lat' dir='ltr'>vei</span> <span class='ocrx_word' id='word_1_166' title='bbox 677 3091 847 3186; x_wconf 77' lang='lat' dir='ltr'>simplicia</span> <span class='ocrx_word' id='word_1_167' title='bbox 877 3087 1005 3162; x_wconf 76' lang='lat' dir='ltr'>foliola</span> <span class='ocrx_word' id='word_1_168' title='bbox 1033 3085 1215 3161; x_wconf 81' lang='lat' dir='ltr'>interdum</span> <span class='ocrx_word' id='word_1_169' title='bbox 1239 3082 1371 3158; x_wconf 87' lang='lat' dir='ltr'>unciali</span> <span class='ocrx_word' id='word_1_170' title='bbox 1400 3083 1591 3164; x_wconf 87' lang='lat' dir='ltr'>latitudine</span> <span class='ocrx_word' id='word_1_171' title='bbox 1601 3091 1625 3185; x_wconf 88' lang='lat'>,&#39;</span> <span class='ocrx_word' id='word_1_172' title='bbox 1652 3090 1708 3176; x_wconf 84' lang='lat' dir='ltr'>in·</span> 
     </span>
     <span class='ocr_line' id='line_1_21' title="bbox 215 3191 1710 3314; baseline 0.003 -20"><span class='ocrx_word' id='word_1_173' title='bbox 215 3219 360 3294; x_wconf 90' lang='lat' dir='ltr'>teriora</span> <span class='ocrx_word' id='word_1_174' title='bbox 391 3215 568 3292; x_wconf 87' lang='lat' dir='ltr'>breviora</span> <span class='ocrx_word' id='word_1_175' title='bbox 601 3227 641 3290; x_wconf 88' lang='lat' dir='ltr'>et</span> <span class='ocrx_word' id='word_1_176' title='bbox 673 3191 890 3314; x_wconf 78' lang='lat' dir='ltr'>augustiora</span> <span class='ocrx_word' id='word_1_177' title='bbox 911 3207 1044 3306; x_wconf 88' lang='lat' dir='ltr'>crispa,</span> <span class='ocrx_word' id='word_1_178' title='bbox 1087 3205 1295 3304; x_wconf 81' lang='lat' dir='ltr'>duplicata,</span> <span class='ocrx_word' id='word_1_179' title='bbox 1341 3209 1502 3308; x_wconf 85' lang='lat' dir='ltr'>margine</span> <span class='ocrx_word' id='word_1_180' title='bbox 1541 3213 1710 3298; x_wconf 77' lang='lat' dir='ltr'>crassiora</span> 
     </span>
    </p>
   </div>
   <div class='ocr_carea' id='block_1_3' title="bbox 217 3335 968 3523">
    <p class='ocr_par' dir='ltr' id='par_1_3' title="bbox 217 3335 968 3523">
     <span class='ocr_line' id='line_1_22' title="bbox 217 3335 626 3434; baseline -0.01 -16"><span class='ocrx_word' id='word_1_181' title='bbox 217 3361 263 3418; x_wconf 85' lang='lat' dir='ltr'>ex</span> <span class='ocrx_word' id='word_1_182' title='bbox 290 3341 411 3418; x_wconf 86' lang='lat' dir='ltr'>farina</span> <span class='ocrx_word' id='word_1_183' title='bbox 429 3335 626 3434; x_wconf 66' lang='lat' dir='ltr'>compasta</span> 
     </span>
     <span class='ocr_line' id='line_1_23' title="bbox 947 3471 968 3523; baseline 0 0"><span class='ocrx_word' id='word_1_184' title='bbox 947 3471 968 3523; x_wconf 81' lang='lat' dir='ltr'>a</span> 
     </span>
    </p>
   </div>
   <div class='ocr_carea' id='block_1_4' title="bbox 270 3504 1711 3799">
    <p class='ocr_par' dir='ltr' id='par_1_4' title="bbox 270 3504 1711 3799">
     <span class='ocr_line' id='line_1_24' title="bbox 270 3504 1711 3669; baseline -0.013 -8"><span class='ocrx_word' id='word_1_185' title='bbox 270 3585 415 3665; x_wconf 83' lang='lat' dir='ltr'>Lichen</span> <span class='ocrx_word' id='word_1_186' title='bbox 433 3583 616 3656; x_wconf 83' lang='lat' dir='ltr'>soliaceus</span> <span class='ocrx_word' id='word_1_187' title='bbox 636 3571 820 3669; x_wconf 86' lang='lat' dir='ltr'>depressus</span> <span class='ocrx_word' id='word_1_188' title='bbox 843 3504 1062 3642; x_wconf 61' lang='lat' dir='ltr'>virescsoti·</span> <span class='ocrx_word' id='word_1_189' title='bbox 1078 3566 1254 3663; x_wconf 78' lang='lat' dir='ltr'>glaucus,</span> <span class='ocrx_word' id='word_1_190' title='bbox 1292 3563 1388 3640; x_wconf 83' lang='lat' dir='ltr'>lobia</span> <span class='ocrx_word' id='word_1_191' title='bbox 1414 3565 1579 3661; x_wconf 86' lang='lat' dir='ltr'>plicato·</span> <span class='ocrx_word' id='word_1_192' title='bbox 1600 3573 1711 3664; x_wconf 68' lang='lat' dir='ltr'>undu,</span> 
     </span>
     <span class='ocr_line' id='line_1_25' title="bbox 321 3685 1254 3799; baseline -0.016 -17"><span class='ocrx_word' id='word_1_193' title='bbox 321 3707 427 3794; x_wconf 87' lang='lat' dir='ltr'>iatis,</span> <span class='ocrx_word' id='word_1_194' title='bbox 453 3703 614 3799; x_wconf 86' lang='lat' dir='ltr'>margine</span> <span class='ocrx_word' id='word_1_195' title='bbox 649 3697 772 3793; x_wconf 90' lang='lat' dir='ltr'>crispis</span> <span class='ocrx_word' id='word_1_196' title='bbox 800 3691 1025 3768; x_wconf 76' lang='lat' dir='ltr'>crassioribus</span> <span class='ocrx_word' id='word_1_197' title='bbox 1052 3685 1254 3767; x_wconf 83' lang='lat' dir='ltr'>farinaceis.</span> 
     </span>
    </p>
   </div>
   <div class='ocr_carea' id='block_1_5' title="bbox 269 3822 857 3910">
    <p class='ocr_par' dir='ltr' id='par_1_5' title="bbox 269 3822 857 3910">
     <span class='ocr_line' id='line_1_26' title="bbox 269 3822 857 3910; baseline -0.031 1"><span class='ocrx_word' id='word_1_198' title='bbox 269 3831 414 3910; x_wconf 82' lang='lat' dir='ltr'>Habitat</span> <span class='ocrx_word' id='word_1_199' title='bbox 437 3828 475 3902; x_wconf 90' lang='lat' dir='ltr'>in</span> <span class='ocrx_word' id='word_1_200' title='bbox 501 3825 644 3901; x_wconf 89' lang='lat' dir='ltr'>cortice</span> <span class='ocrx_word' id='word_1_201' title='bbox 673 3822 857 3895; x_wconf 90' lang='lat' dir='ltr'>arborum.</span> 
     </span>
    </p>
   </div>
   <div class='ocr_carea' id='block_1_6' title="bbox 222 3945 1713 4190">
    <p class='ocr_par' dir='ltr' id='par_1_6' title="bbox 222 3945 1713 4190">
     <span class='ocr_line' id='line_1_27' title="bbox 357 3945 1713 4067; baseline -0.023 -18"><span class='ocrx_word' id='word_1_202' title='bbox 357 3973 500 4048; x_wconf 83' lang='lat' dir='ltr'>Folioia</span> <span class='ocrx_word' id='word_1_203' title='bbox 524 3945 743 4067; x_wconf 84' lang='lat' dir='ltr'>angustiora,</span> <span class='ocrx_word' id='word_1_204' title='bbox 771 3965 902 4037; x_wconf 85' lang='lat' dir='ltr'>colore</span> <span class='ocrx_word' id='word_1_205' title='bbox 927 3960 964 4036; x_wconf 95' lang='lat' dir='ltr'>in</span> <span class='ocrx_word' id='word_1_206' title='bbox 983 3956 1093 4033; x_wconf 87' lang='lat' dir='ltr'>viridi</span> <span class='ocrx_word' id='word_1_207' title='bbox 1120 3957 1306 4036; x_wconf 84' lang='lat' dir='ltr'>cinereum</span> <span class='ocrx_word' id='word_1_208' title='bbox 1334 3959 1460 4052; x_wconf 88' lang='lat' dir='ltr'>potius</span> <span class='ocrx_word' id='word_1_209' title='bbox 1485 3979 1591 4053; x_wconf 82' lang='lat' dir='ltr'>quam</span> <span class='ocrx_word' id='word_1_210' title='bbox 1611 3963 1713 4062; x_wconf 54' lang='lat'>3121„</span> 
     </span>
     <span class='ocr_line' id='line_1_28' title="bbox 222 4081 1624 4190; baseline -0.02 -7"><span class='ocrx_word' id='word_1_211' title='bbox 222 4085 536 4190; x_wconf 82' lang='lat' dir='ltr'>contendente,</span> <span class='ocrx_word' id='word_1_212' title='bbox 563 4089 783 4190; x_wconf 87' lang='lat' dir='ltr'>marginibus</span> <span class='ocrx_word' id='word_1_213' title='bbox 804 4083 1010 4158; x_wconf 82' lang='lat' dir='ltr'>verrucosrs</span> <span class='ocrx_word' id='word_1_214' title='bbox 1035 4083 1193 4179; x_wconf 82' lang='lat' dir='ltr'>pulvere</span> <span class='ocrx_word' id='word_1_215' title='bbox 1214 4083 1419 4184; x_wconf 77' lang='lat' dir='ltr'>concolora</span> <span class='ocrx_word' id='word_1_216' title='bbox 1445 4081 1624 4164; x_wconf 78' lang='lat' dir='ltr'>obdutiis.</span> 
     </span>
    </p>
   </div>
   <div class='ocr_carea' id='block_1_7' title="bbox 274 4273 1786 4826">
    <p class='ocr_par' dir='ltr' id='par_1_7' title="bbox 274 4273 1786 4826">
     <span class='ocr_line' id='line_1_29' title="bbox 274 4273 1711 4472; baseline -0.017 -4"><span class='ocrx_word' id='word_1_217' title='bbox 274 4389 414 4472; x_wconf 79' lang='lat' dir='ltr'>Lichen</span> <span class='ocrx_word' id='word_1_218' title='bbox 440 4385 617 4459; x_wconf 83' lang='lat' dir='ltr'>soliaccus</span> <span class='ocrx_word' id='word_1_219' title='bbox 638 4377 824 4455; x_wconf 83' lang='lat' dir='ltr'>lasiniatus</span> <span class='ocrx_word' id='word_1_220' title='bbox 853 4273 1011 4466; x_wconf 56' lang='lat' dir='ltr'>crispasrs,</span> <span class='ocrx_word' id='word_1_221' title='bbox 1041 4368 1179 4445; x_wconf 86' lang='lat' dir='ltr'>laciniis</span> <span class='ocrx_word' id='word_1_222' title='bbox 1210 4369 1373 4447; x_wconf 88' lang='lat' dir='ltr'>tenuiter</span> <span class='ocrx_word' id='word_1_223' title='bbox 1401 4365 1523 4446; x_wconf 80' lang='lat' dir='ltr'>divisis</span> <span class='ocrx_word' id='word_1_224' title='bbox 1556 4383 1596 4448; x_wconf 91' lang='lat' dir='ltr'>et</span> <span class='ocrx_word' id='word_1_225' title='bbox 1632 4370 1711 4454; x_wconf 78' lang='lat' dir='ltr'>fim-</span> 
     </span>
     <span class='ocr_line' id='line_1_30' title="bbox 328 4499 915 4592; baseline -0.034 -2"><span class='ocrx_word' id='word_1_226' title='bbox 328 4511 465 4590; x_wconf 82' lang='lat' dir='ltr'>briatis.</span> <span class='ocrx_word' id='word_1_227' title='bbox 513 4527 633 4580; x_wconf 80' lang='lat' dir='ltr'>urar,</span> <span class='ocrx_word' id='word_1_228' title='bbox 678 4509 701 4577; x_wconf 93' lang='lat' dir='ltr'>t.</span> <span class='ocrx_word' id='word_1_229' title='bbox 724 4529 752 4578; x_wconf 86' lang='lat' dir='ltr'>r.</span> <span class='ocrx_word' id='word_1_230' title='bbox 779 4499 850 4592; x_wconf 83' lang='lat' dir='ltr'>th.</span> <span class='ocrx_word' id='word_1_231' title='bbox 873 4499 915 4570; x_wconf 88' lang='lat' dir='ltr'>si.</span> 
     </span>
     <span class='ocr_line' id='line_1_31' title="bbox 281 4613 1786 4826; baseline -0.03 -104"><span class='ocrx_word' id='word_1_232' title='bbox 281 4639 423 4721; x_wconf 79' lang='lat' dir='ltr'>Habitat</span> <span class='ocrx_word' id='word_1_233' title='bbox 445 4635 484 4710; x_wconf 90' lang='lat' dir='ltr'>iu</span> <span class='ocrx_word' id='word_1_234' title='bbox 504 4627 698 4708; x_wconf 82' lang='lat' dir='ltr'>arboribus</span> <span class='ocrx_word' id='word_1_235' title='bbox 719 4623 855 4718; x_wconf 87' lang='lat' dir='ltr'>variis,</span> <span class='ocrx_word' id='word_1_236' title='bbox 882 4636 922 4696; x_wconf 82' lang='lat' dir='ltr'>st</span> <span class='ocrx_word' id='word_1_237' title='bbox 944 4615 1063 4826; x_wconf 46' lang='lat' dir='ltr'>siggo3</span> <span class='ocrx_word' id='word_1_238' title='bbox 1076 4613 1245 4712; x_wconf 68' lang='lat' dir='ltr'>patriota,</span> <span class='ocrx_word' id='word_1_239' title='bbox 1592 4729 1712 4816; x_wconf 71' lang='lat' dir='ltr'>c010,</span> <span class='ocrx_word' id='word_1_240' title='bbox 1778 4678 1786 4692; x_wconf 77' lang='grc'>,</span> 
     </span>
    </p>
   </div>
   <div class='ocr_carea' id='block_1_8' title="bbox 0 0 2383 5748">
    <p class='ocr_par' dir='ltr' id='par_1_8' title="bbox 0 0 2383 5748">
     <span class='ocr_line' id='line_1_32' title="bbox 0 0 2383 5748; baseline 0 0"><span class='ocrx_word' id='word_1_241' title='bbox 0 0 2383 5748; x_wconf 95' lang='lat' dir='ltr'> </span> 
     </span>
    </p>
   </div>
  </div>
 </body>
</html>
