4754 5750
653 508 706 584 r·
866 609 872 622 Ι
1278 375 1577 601 Ἢ..

650 663 729 762 non
764 676 960 772 dissimilia,
1006 689 1045 754 et
1073 677 1176 773 apice
1209 667 1400 778 globulum
1435 692 1590 758 ovatum
1619 675 1757 776 punilo
1785 691 1984 775 notatum,
2020 681 2151 760 olivae

651 806 826 886 conditae
852 802 1014 898 coloris,
1048 801 1192 879 affixum
1225 806 1374 882 habent.
1427 803 1529 880 Folia
1565 801 1726 900 margine
1751 804 1831 878 sere
1859 804 1975 881 libera
2005 821 2045 881 et
2077 810 2155 882 ele·

652 945 764 1023 vata,
793 927 1034 1024 nigricantia,
1062 927 1206 1002 inferne
1230 928 1407 1002 exteriori
1432 947 1534 1025 parte
1557 923 1679 1017 fusca,
1709 925 1879 1002 interiori
1902 929 2005 1026 nigra
2031 927 2155 1024 (albi-

653 1056 699 1132 da
720 1066 758 1129 et
778 1054 888 1127 nivea
910 1047 1092 1146 descripsrt
1115 1053 1293 1126 Linnaeus
1320 1053 1357 1126 in
1380 1051 1479 1129 Flor.
1507 1049 1650 1143 Lapp.)
1683 1049 1854 1134 radiculis
1879 1049 1990 1148 nigris
2017 1050 2155 1126 brevis·

654 1181 750 1258 samis
779 1171 1071 1266 coniformibus,
1104 1176 1220 1250 rarius
1245 1173 1325 1251 fiilia
1350 1175 1490 1265 oblita,
1524 1169 1717 1246 substantia
1745 1171 1911 1250 disfratia
1936 1173 2037 1248 intus
2065 1174 2154 1248 albi·

654 1304 712 1380 da.
762 1299 944 1374 scutellae
968 1317 1156 1374 concavae
1179 1300 1418 1392 numerosae,
1447 1295 1586 1388 saepius
1610 1291 1865 1393 centrifugae,
1892 1295 2003 1370 dense
2028 1311 2156 1375 tamen

653 1422 781 1501 versut
808 1437 975 1497 centrum
1000 1421 1216 1518 congcstae,
1250 1427 1295 1500 ab
1318 1422 1425 1500 initio
1446 1415 1711 1514 subglobosae,
1738 1419 1823 1494 dein
1845 1416 2157 1514 hemisphaericae
2189 1467 2192 1474 ,

655 1550 822 1642 amplae,
857 1544 1004 1620 tandem
1036 1548 1145 1638 plano
1168 1591 1178 1601 -
1204 1567 1422 1634 convexae3
1450 1542 1611 1638 margine
1635 1540 1910 1617 subcrenulatae
1935 1549 1999 1618 a‘ut
2023 1547 2158 1640 pulve-

654 1670 852 1759 rulentae,
878 1667 981 1742 varie
1007 1671 1163 1762 majores
1188 1669 1368 1764 plicatae,
1402 1665 1612 1764 pedunculo
1641 1663 1846 1740 breviffimo
1873 1665 2027 1758 affixae,
2070 1670 2158 1744 reli·

657 1815 728 1890 qua
760 1805 865 1886 parte
894 1791 1055 1886 undique
1091 1793 1252 1880 liberae,
1286 1807 1438 1865 externa
1469 1807 1639 1863 convexa
1669 1799 1797 1882 parte,
1820 1786 2062 1889 subrugosae,
2089 1815 2158 1870 eo·

658 1917 741 1994 dem
763 1935 846 1990 cum
867 1913 966 1990 soliis
990 1915 1140 2004 colore,
1166 1916 1275 1990 etiarn
1300 1913 1521 2010 pallidiore,
1555 1911 1699 1986 interna
1727 1925 1903 1988 excavata
1923 1927 2031 2006 parte
2051 1917 2156 1992 colo·

654 2062 698 2117 re
732 2040 869 2131 badio,
895 2039 957 2110 vel
987 2059 1031 2112 ex
1051 2039 1255 2112 'virescenti
1280 2039 1392 2131 ruso,
1418 2038 1562 2111 demum
1589 2033 1677 2108 rufo
1699 2074 1711 2091 ·
1730 2031 1835 2109 fusco
1864 2049 1903 2110 et
1932 2024 2152 2134 nigricante.

655 2163 769 2240 Foliis
807 2161 973 2234 occurrit
1004 2161 1076 2254 jerm
1112 2159 1380 2258 angustioribus
1411 2165 1485 2257 jam
1516 2157 1723 2234 latioribus.
1800 2156 1842 2234 In
1877 2181 1955 2237 var.
1986 2160 2027 2237 B.
2062 2161 2155 2238 folia

657 2285 782 2364 omnia
811 2281 1066 2380 angustiffima,
1103 2283 1230 2360 lineari
1250 2326 1263 2341 ·
1283 2283 1471 2373 laciniata,
1502 2297 1541 2358 et
1571 2305 1591 2357 a
1620 2296 1753 2358 centro
1780 2280 1910 2358 densos
1942 2281 2027 2361 suos
2052 2287 2152 2381 quau

656 2407 870 2504 dispergunt
898 2405 1047 2500 radios,
1085 2405 1217 2482 incisos
1250 2421 1288 2481 et
1324 2403 1510 2482 diffrastos
1545 2405 1706 2500 saepius;
1742 2405 1925 2502 adpretiae
1950 2422 1988 2484 et
2012 2411 2155 2505 ubique

656 2527 842 2608 neruine
872 2529 980 2623 lapidi
1011 2529 1164 2604 adnatae
1192 2527 1345 2603 laciniae
1370 2529 1610 2626 nullomodo
1637 2527 1791 2624 separari
1817 2527 1988 2623 poliunt,
2016 2537 2153 2636 colore

657 2650 789 2751 pallide
814 2652 1083 2747 luteo-viridi,
1106 2653 1167 2726 vel
1191 2650 1412 2728 albescente.
1454 2653 1639 2728 scutellae
1662 2641 1832 2726 minimae
1853 2652 2045 2748 copiosae,
2062 2677 2157 2736 cou-

658 2773 802 2877 gestae,
837 2775 980 2870 lapidea
1012 2775 1092 2854 sere
1129 2773 1289 2867 duritie,
1316 2774 1519 2852 tenuiffimo
1553 2776 1616 2850 vix
1643 2774 1773 2849 visibili
1799 2777 1961 2874 margine
1990 2781 2157 2876 dutiae,

659 2899 805 2975 demum
828 2901 956 2994 planae
986 2899 1048 2972 vel
1078 2897 1337 2972 subconvexae
1360 2899 1576 2999 angulosae,
1604 2899 1734 2973 colore
1759 2897 1904 2976 sordide
1930 2903 2158 3004 virescenti,

624 3107 627 3121 Ι
658 3021 776 3126 fusco.
829 3017 1082 3096 Constitueret
1103 3015 1287 3114 propriam
1316 3021 1441 3112 potius
1471 3021 1654 3120 speciem,
1679 3021 1743 3098 nisi
1767 3023 1894 3120 ptimo
1914 3024 2084 3125 adspectu
2114 3045 2157 3106 et

659 3142 788 3224 habitu
809 3165 892 3222 cum
911 3141 1029 3240 priori
1051 3137 1450 3252 magnamosteuderet
1470 3143 1692 3224 affinitatem.

1374 3356 1443 3452 96.

950 3583 957 3598 .
988 3512 1253 3603 LICHEN
1322 3517 1822 3646 FAHLVNENSIS.

1255 3686 1320 3744 Tab.
1341 3689 1429 3748 XVll.
1466 3691 1513 3762 fir.
1533 3715 1560 3756 a·

709 3829 849 3910 Lichen
881 3830 1120 3923 fahlunensrs3
1152 3827 1387 3923 imbricatus,
1413 3831 1553 3914 foliolis
1585 3841 1785 3918 linearibus
1821 3843 2047 3926 dichotomis
2078 3853 2158 3949 pla·
2279 3859 2284 3870 '

759 3952 932 4034 olusculis
958 3953 1074 4027 acutis
1096 3951 1235 4049 nigris,
1272 3951 1430 4032 scutellis
1457 3963 1556 4040 atris.
1607 3983 1742 4040 trvv.
1757 3969 1841 4064 spii.
1876 3973 2154 4073 Veget.Ed.14.

755 4095 794 4180 p.
810 4096 895 4174 959.
922 4084 1029 4168 ωδ.
1069 4073 1155 4172 Sysi.
1183 4075 1291 4168 Pt4.
1313 4097 1349 4178 p.
1366 4101 1451 4176 533.
1477 4110 1512 4160 n.
1529 4107 1589 4180 31.
1630 4087 1689 4164 Fi.
1721 4091 1815 4170 Suet.
1842 4093 1910 4168 Ed.
1928 4117 1963 4169 2.
1992 4114 2156 4198 mloyss.

663 4307 670 4324 ,
765 4202 1166 4297 transpicilpmsr.
1217 4205 1751 4310 trnrur.Fl.Scot.p.819.
1807 4221 2154 4323 avuncunlum.

759 4323 876 4401 Ede.
899 4339 935 4420 p.
950 4341 1034 4414 532·
1090 4339 1227 4398 ηπ.
1255 4323 1358 4400 Prod.
1388 4329 1509 4404 Stond.
1538 4354 1572 4406 n.
1591 4351 1697 4432 1349.

709 4465 847 4544 Lichen
872 4465 1007 4542 fronde
1031 4462 1204 4558 utrinque
1235 4469 1431 4572 nigerrima
1456 4472 1647 4575 lecirriata,
1681 4479 1842 4563 scutellis
1871 4489 2152 4574 concoloribru.

760 4608 909 4666 naut.
935 4587 1026 4686 Hali.
1052 4609 1213 4668 n.aoao·
1368 4690 1371 4702 Ι
1472 4607 1476 4615 ’

2006 4733 2155 4818 Licbcn
