4754 5750
836 523 1061 648 m
1634 555 1683 634 ar

249 722 390 800 Lichan
420 721 660 812 sablonenfis3
695 721 829 801 fronde
864 729 1036 822 utrinque
1064 726 1273 804 anthracina
1303 729 1430 806 lineari
1449 773 1466 797 ·
1489 733 1686 812 multifida:

263 894 267 910 ι
297 847 457 922 scutellis
485 849 763 926 concoloribus.
815 871 953 928 arcu.
984 853 1090 927 Metb.
1112 867 1148 948 p.
1168 873 1247 928 101.

249 967 499 1045 Lichenoides
535 969 747 1045 tirannum
776 987 918 1065 atrum,
951 973 1050 1046 soliis
1076 972 1232 1048 minimis
1256 975 1392 1070 crispis.
1442 997 1570 1058 ulau.
1597 981 1685 1078 Hrfl.

303 1094 411 1190 Musa.
434 1113 467 1190 p.
488 1105 565 1176 188.
601 1095 753 1185 Tabo4.
782 1096 929 1192 Eget.

252 1211 390 1287 Lichen
419 1213 646 1289 sahlunonsrs.
696 1217 831 1311 inco.
861 1217 960 1312 Mffc.
993 1217 1065 1292 Vol.
1081 1235 1137 1290 11.
1159 1229 1194 1312 p.
1209 1235 1268 1310 90.
1304 1215 1381 1293 Tab.
1397 1237 1455 1295 10.
1480 1219 1601 1320 lage.

251 1336 388 1410 Lichan
412 1337 643 1430 sahlunensrs.

249 1459 446 1534 Schwarze
470 1459 624 1534 Falrluns
651 1457 937 1535 Bliltterflechte.
965 1457 1211 1536 Peeirflechte.

248 1583 409 1658 Fahluns
434 1583 676 1660 Sclrurftmos.
733 1603 877 1656 nour.
910 1585 996 1661 Nat.
1022 1585 1111 1684 Hl‘st·
1152 1583 1246 1704 Μ.
1268 1583 1316 1678 Ji.
1342 1603 1398 1677 14.
1422 1602 1689 1687 p·513.n.3o.

248 1705 367 1782 Fanni
394 1750 404 1764 -
429 1704 543 1780 malla.
597 1708 717 1782 Sacas.

250 1829 360 1902 Small
388 1829 494 1902 black
519 1829 619 1903 Corlr
646 1829 796 1903 Lichan.
847 1827 980 1928 Angla.

298 1951 445 2029 Habitat
473 1953 510 2026 in
536 1952 707 2050 Europae
735 1953 897 2048 rupibus.

931 2113 979 2204 B.

252 2261 396 2340 Lichan
420 2263 518 2340 soliis
542 2264 699 2364 angustis
721 2263 917 2340 linearibus
942 2261 1167 2368 dichotomis
1195 2263 1333 2342 obtusis
1354 2263 1481 2364 nigris.

250 2387 501 2464 Licbenoides
540 2387 686 2464 saxatile
721 2385 973 2480 tinitorium.
998 2386 1098 2463 soliis
1133 2387 1254 2484 pilofis
1290 2390 1519 2485 purpureis·
1561 2411 1691 2476 ulan.

303 2512 396 2614 istst.
425 2513 533 2609 Mafa.
553 2530 589 2610 p.
606 2523 689 2602 185.
725 2512 876 2602 Tabat.
900 2511 974 2608 big.
989 2521 1047 2595 to.
1072 2513 1123 2590 A.
1147 2513 1192 2592 B.

304 2631 447 2710 Habitat
472 2635 510 2712 in
537 2635 702 2730 rupibus.

360 2803 464 2880 Folia
491 2808 563 2880 late
596 2819 635 2882 et
666 2807 768 2883 varia
796 2806 914 2882 forma
943 2803 1056 2904 magis
1089 2803 1274 2882 tamenin
1299 2805 1494 2886 rotundam
1521 2803 1697 2904 expansa,

205 2929 306 3008 artie
333 2929 522 3005 imbricata
549 2943 587 3004 et
610 2929 788 3025 implexa,
827 2927 1026 3020 multifida,
1066 2925 1298 3021 dichotoma,
1335 2931 1522 3005 laciniata:
1558 2933 1696 3008 laciniis

208 3056 409 3132 crenulatis
444 3051 589 3148 crispis,
625 3055 766 3146 acutis,
793 3053 841 3128 'in
871 3053 1069 3146 majoribus
1096 3067 1134 3125 et
1161 3051 1333 3128 extremis
1363 3049 1503 3128 foliolis
1535 3054 1696 3146 obtusrs3

205 3179 373 3278 margine
397 3179 566 3270 elevata,
594 3193 636 3254 ut
660 3177 808 3256 laciniae
836 3179 896 3258 val
924 3175 1105 3250 carinatae
1133 3177 1195 3248 vel
1226 3175 1417 3250 lacunosae
1443 3177 1567 3270 potius
1594 3197 1702 3270 quam

207 3306 339 3399 planae
365 3315 582 3396 appareant3
610 3303 740 3375 colore
767 3302 929 3402 superius
956 3299 994 3374 in
1016 3295 1224 3374 humesiato
1252 3299 1412 3375 Lichene
1439 3298 1584 3373 sordide
1614 3299 1702 3372 uiri·

209 3427 246 3500 di
268 3428 335 3500 vel
360 3422 487 3516 susce,
519 3423 556 3496 in
582 3422 678 3497 srcco
707 3423 897 3514 castaneo,
924 3423 1067 3497 demum
1094 3423 1222 3520 nigro,
1251 3421 1390 3510 nitidor
1420 3420 1544 3495 subtus
1566 3405 1702 3494 'foliola

209 3549 447 3627 extremitate
471 3531 532 3621 soa
556 3543 718 3621 castanea
743 3547 780 3620 in
807 3523 929 3620 medio
955 3545 1068 3640 nigra.
1116 3544 1225 3618 Lenti
1250 3540 1603 3637 subjectaelaciniac
1621 3535 1703 3636 (d)

208 3674 322 3752 valde
356 3671 603 3767 irregulariter
635 3667 771 3762 crispae
803 3683 1002 3762 apparent,
1038 3666 1273 3762 utplurimum
1310 3663 1471 3762 margine
1502 3663 1704 3740 tuberculis

210 3794 472 3894 irregularibus
501 3791 670 3890 oblongis
701 3791 1079 3888 progerminantilr'us,
1109 3791 1170 3865 vel
1203 3787 1372 3862 radiculis
1406 3785 1562 3862 minimis
1590 3787 1702 3884 nigris

211 3922 352 4009 acutis,
389 3937 481 4009 quae
513 3937 558 3990 ex
592 3915 753 4012 margine
781 3937 858 3990 non
887 3935 931 3987 ex
959 3913 1136 3989 inferiore
1169 3925 1273 4006 parte
1306 3909 1516 4005 prodeunt,
1554 3911 1704 3990 obsrtae.

213 4042 342 4120 Media
360 4039 488 4114 foliola
515 4033 576 4130 (e)
599 4037 722 4111 sensam
745 4038 795 4111 ita
816 4037 1070 4136 angustantur,
1093 4052 1136 4110 ut
1166 4037 1201 4110 in
1227 4035 1402 4108 radiculas
1434 4035 1534 4108 abire
1557 4035 1707 4107 videan-

213 4187 290 4242 tur.
341 4161 524 4248 scutellae
541 4161 772 4252 terminales,
797 4161 841 4234 ab
859 4157 967 4233 initio
985 4155 1209 4233 orbiculares
1235 4179 1446 4248 concavae,
1474 4157 1632 4252 margine
1654 4169 1708 4228 te·
1769 4235 1770 4240 p
1876 4253 1909 4264 Η
2010 4167 2019 4180 ·

213 4290 282 4368 nui
324 4287 516 4361 crenulato
549 4282 708 4376 cantiae,
753 4283 911 4378 majores
951 4280 1166 4353 semunciam
1198 4301 1276 4353 non
1311 4297 1396 4350 raro
1433 4279 1550 4368 latae,
1581 4279 1709 4369 planae

212 4419 393 4512 peltarum
418 4407 649 4499 immodum,
671 4405 828 4498 denique
858 4423 1069 4490 convexae,
1096 4400 1227 4475 incisae
1248 4397 1430 4496 margine,
1462 4397 1648 4496 irregulari
1671 4413 1711 4474 et
1847 4480 1850 4488 ,

216 4541 359 4615 ineerta
381 4529 520 4628 figura,
555 4532 709 4625 plicatae
734 4529 770 4602 in
801 4525 914 4600 disco.
974 4523 1090 4596 Color
1125 4523 1210 4600 disci
1245 4545 1289 4598 ex
1321 4521 1487 4598 castaneo
1513 4521 1639 4618 niger,
1672 4521 1710 4596 in

216 4658 359 4739 madida
378 4657 500 4752 pluita
528 4651 736 4746 virescens,
764 4651 802 4728 in
821 4649 995 4726 exsrccata
1019 4664 1057 4721 et
1079 4645 1218 4746 saepius
1238 4643 1434 4726 malesana
1455 4645 1711 4838 penitusfcum

81 4761 88 4776 ⁸
967 4769 1047 4860 La
1626 4763 1710 4844 oliis
1806 4833 1810 4842 .
