4754 5750
518 533 722 634 “9⁶
1291 501 1518 626 &k

660 733 744 809 tes,
778 713 843 788 vel
877 731 900 788 e
934 727 1071 786 carneo
1101 701 1359 803 rufescentes,
1380 703 1547 803 margine
1580 713 1670 780 tunc
1704 702 1808 781 tenui
1839 703 2019 784 undulato
2050 703 2166 804 saepe

662 835 870 921 verrucoso
890 848 929 911 et
944 833 1208 931 pulverulento
1226 831 1392 922 cinc'lae,
1418 832 1587 908 elevatae
1604 807 2018 924 veluti'pedunculatae.
2071 832 2167 907 Scu-

663 966 843 1044 telliserae
879 973 919 1036 et
953 956 1165 1032 annosrores
1200 957 1346 1052 plantae
1380 953 1494 1051 magis
1534 952 1750 1052 irregulares
1788 969 1826 1028 et
1863 955 2163 1048 pulverulentae.

664 1089 809 1167 Natura
835 1080 1005 1163 Lichenis
1027 1077 1217 1174 albillima,
1246 1099 1354 1176 quam
1383 1077 1494 1156 etiam
1519 1076 1681 1155 uiolatus
1709 1075 1828 1154 statim
1851 1077 2003 1176 prodit,
2038 1079 2165 1157 mollis

666 1235 711 1293 tc
734 1227 860 1292 tenax.

1367 1401 1463 1475 104.

1057 1546 1320 1638 nrcunna
1390 1541 1774 1654 nmmcnvs.
1820 1516 1828 1528 '

1261 1721 1328 1778 Tab.
1349 1721 1424 1780 xvl.
1459 1720 1521 1788 Fir.
1540 1735 1568 1775 a.

720 1875 861 1957 Lichen
885 1865 1070 1954 tiliaceus3
1105 1864 1285 1941 soliaceus
1313 1863 1590 1942 subimbricatus
1613 1856 1779 1939 rotunde
1808 1861 1958 1940 lobatus
1986 1865 2168 1964 pulveru-

768 2003 891 2074 lentus
917 1987 1040 2064 albido
1062 2029 1076 2044 -
1100 1988 1259 2083 glaucus.
1378 2085 1385 2096 .

710 2123 856 2206 ,Lichen
886 2109 1022 2190 fronde
1057 2109 1221 2184 rotunde
1264 2110 1402 2200 obsta,
1436 2106 1989 2214 glauca„polline,concolore
2009 2111 2167 2210 scabra,

765 2245 892 2320 subtus
907 2235 1005 2312 hirta
1023 2245 1064 2306 et
1081 2247 1170 2314 atra.
1224 2251 1368 2308 nanu·
1392 2233 1483 2320 Han
1504 2260 1540 2312 u.
1559 2241 1668 2315 1008.
1719 2253 1871 2308 uanas
1895 2234 2002 2312 Heri.
2022 2263 2057 2314 n.
2070 2258 2163 2333 955.

719 2367 861 2447 Lichen
885 2355 1155 2456 pulmonariae,
1187 2375 1333 2448 querno
1357 2356 1480 2448 folio,
1517 2343 1660 2431 inse'rne
1691 2355 1899 2451 nigricans,
1931 2356 2087 2452 superne
2117 2362 2168 2435 ci·

770 2505 928 2574 nereus,
962 2476 1207 2572 receptaculis
1234 2477 1371 2555 florum
1400 2479 1547 2560 sordide
1571 2475 1856 2556 virescentibus.
1907 2503 2048 2564 uren.
2078 2485 2169 2562 Gen.

764 2631 801 2714 p,
816 2611 875 2693 86.
906 2603 1082 2721 OrdlsV.
1115 2598 1267 2694 Tabas.

719 2735 861 2817 Lichcn
883 2727 1063 2804 tiliaceus.
1143 2759 1146 2767 2

719 2853 862 2938 Linden
883 2848 1176 2926 Bl'aitterflechte.
1245 2843 1248 2848 Δ

768 2980 911 3059 Habitat
934 2973 972 3048 in
998 2969 1110 3046 variis
1138 2969 1310 3064 Europae
1335 2970 1531 3051 arboribus
1550 2969 1764 3073 praesertim
1788 2969 1910 3070 Tilia,
1931 2995 2005 3052 nec
2029 2999 2109 3058 non
2129 2979 2170 3060 in

817 3098 971 3195 rupibus
999 3090 1243 3170 ettenorum
1264 3092 1411 3190 tegulis.

832 3276 979 3355 Foliola
996 3274 1144 3352 frondis
1169 3273 1356 3371 eleganter
1374 3276 1539 3352 rotunde
1569 3289 1609 3354 et
1641 3281 1717 3355 late
1748 3274 1924 3372 expansa,
1953 3278 2171 3383 imbricata,

673 3412 819 3492 lobnta:
833 3401 931 3478 lobis
951 3398 1128 3473 laciniatis
1150 3396 1324 3471 finnato-
1342 3399 1528 3495 crenatis,
1558 3403 1731 3477 extremis
1755 3401 1969 3495 latioribus,
1995 3411 2171 3487 rotundis

669 3539 720 3632 (b
747 3531 813 3630 d);
848 3522 1000 3601 interius
1026 3516 1311 3616 angustioribus,
1342 3517 1484 3615 bifidis,
1510 3521 1710 3620 trifidisque
1732 3524 1817 3622 (a);
1845 3526 1884 3600 in
1905 3525 2029 3602 medio
2054 3530 2170 3628 cespi-

676 3674 717 3735 te
744 3653 872 3730 soliola
902 3639 1057 3738 rugosa,
1084 3638 1125 3713 in
1148 3636 1342 3732 superficie
1372 3643 1479 3716 varie
1509 3645 1642 3739 plicata
1668 3664 1707 3725 et
1733 3647 1924 3744 depressa,
1953 3654 2084 3730 colore
2116 3657 2172 3731 ci-

536 3875 542 3885 ¹
676 3767 957 3858 nereo-albido
976 3765 1037 3834 vel
1063 3761 1379 3860 albicio-glauco,
1414 3765 1559 3842 furfure
1579 3769 1644 3842 vel
1668 3771 1827 3864 pulvere
1852 3776 2059 3850 concolore
2088 3781 2171 3855 ubi·

678 3923 751 3998 que
790 3887 1003 3985 conspersa,
1039 3899 1208 3961 centrum
1243 3883 1456 3979 praesertim
1480 3885 1625 3965 furfure
1642 3891 1820 3982 cinereo,
1856 3893 2000 3972 demum
2024 3898 2173 3981 sordide

678 4022 784 4103 fusco
811 4035 929 4114 paene
947 4021 1072 4084 totum
1094 4005 1295 4084 obteslum.
1346 4007 1515 4084 Extimae
1534 4011 1710 4126 soliorum
1735 3987 1890 4091 laciniae
1908 4018 2054 4114 glabrae
2066 4019 2174 4122 'sunt‚

662 4147 789 4246 ‘paulu
817 4158 912 4215 vero
936 4130 1091 4206 interius
1113 4127 1332 4224 saepiuscule
1352 4129 1495 4205 furfure
1520 4134 1584 4207 illo
1609 4138 1819 4232 glomerato
1849 4139 2044 4220 obductae.
2089 4149 2172 4228 ‘Per

679 4273 816 4346 lentem
841 4267 990 4355 apparet
1016 4253 1195 4328 soliorum
1219 4247 1426 4345 superficies
1455 4257 1657 4332 tuberculis
1679 4261 1855 4336 cinereo·
1875 4261 2012 4361 fuscis,
2037 4272 2172 4352 oblon.

680 4392 734 4489 gis
762 4380 979 4480 conspersa,
1003 4397 1095 4470 quae
1118 4377 1215 4449 circa
1242 4395 1347 4472 rugas
1375 4388 1414 4448 et
1435 4377 1472 4452 in
1494 4379 1612 4454 media
1632 4381 1773 4460 frondis
1804 4400 1910 4481 parte
1946 4388 1996 4464 ita
2031 4397 2169 4494 coinge-

531 4505 535 4512 “
677 4513 730 4588 sta
750 4525 789 4582 et
810 4501 949 4579 ramosa
974 4497 1090 4593 liunt,
1110 4512 1154 4574 ut
1182 4496 1403 4574 arbusculam
1441 4521 1486 4574 ex
1516 4503 1715 4578 tuberculis
1753 4506 1821 4583 illis
1855 4509 2051 4589 conflatam
2088 4540 2169 4597 non

566 4743 570 4748 Ι
681 4633 774 4714 male
795 4625 960 4705 reserant
981 4623 1069 4722 (c),
1097 4641 1254 4720 quorum
1281 4620 1349 4698 clia
1367 4623 1530 4724 oblonga
1548 4625 1804 4728 integerrima,
1831 4632 1901 4710 alia
1917 4635 2022 4731 apice
2040 4658 2169 4738 aperta

2126 4779 2298 4841 et‘
