4754 5750
223 682 237 692 ’·
256 635 432 740 ’ἶίεὴεῠ
454 660 555 758 foliis
575 637 695 756 plusti
713 647 903 750 'multifidis
930 672 1091 767 obtusis,
1117 647 1530 773 laciniatis'lirearibor,
1559 679 1732 762 calicibus

339 785 532 888 concavis.
584 789 645 864 Fi.
675 787 784 890 Lopp.
810 807 944 884 a.448.
981 795 1055 869 Tul.
1072 817 1126 872 11.
1145 795 1209 893 fig.
1226 819 1259 874 a.

131 921 134 926 '
278 907 438 988 Lichen·
453 913 725 1007 pulmonarius,
753 913 930 1004 saxatilis,
960 918 1178 1010 tinstorius,
1205 921 1367 998 tenuiter
1391 921 1554 1020 divisus,
1579 929 1731 1010 inferne

344 1037 548 1133 nigricans,
576 1033 733 1132 desuper
759 1059 780 1110 o
804 1037 1000 1136 sulphureo
1027 1041 1216 1135 cinereus,
1236 1046 1479 1142 receptaculis
1502 1049 1636 1130 florum
1656 1073 1731 1130 aar·

341 1161 542 1254 plioribus,
569 1156 690 1235 fuscis.
742 1183 878 1246 arten.
909 1168 989 1240 Gen.
1009 1185 1046 1265 p.
1057 1171 1118 1250 86.
1147 1191 1179 1242 n.
1196 1187 1230 1260 3.

287 1281 535 1360 Lichenoides
551 1283 782 1359 babricanrn
796 1287 983 1384 viridans,
1010 1287 1168 1368 scutellis
1187 1289 1315 1372 bediis.
1362 1311 1493 1375 nata.
1510 1293 1602 1394 last.
1616 1296 1728 1397 Musa.

331 1415 471 1505 psrllo.
502 1407 658 1498 libna.
673 1405 814 1506 sams.
837 1413 888 1490 A.
916 1413 962 1491 Β.

120 1611 123 1616 ,
278 1525 426 1606 Lichan
451 1529 693 1628 centrifugus.

279 1650 578 1730 Concentrische
605 1653 896 1736 sslaaerflechte.

277 1777 429 1854 [ichen
455 1776 673 1874 centrifuge.
724 1801 784 1854 oa
810 1799 1045 1858 sansacu
1071 1783 1132 1860 Fi.
1160 1783 1280 1864 Fruar.
1300 1796 1409 1885 ΜΒ.

280 1899 524 1992 Middelpunt
541 1897 775 1977 Scbuuwcnd
791 1903 1037 1986 Saburstnos.
1086 1923 1240 1988 wnoua.
1268 1911 1353 1989 Nat.
1378 1909 1467 2004 Hr'Jl.
1501 1903 1651 2006 ΜΛ.
1666 1933 1724 2006 ra.

331 2038 604 2122 p.511.,n.27.

276 2143 594 2223 winter-moise
645 2149 768 2224 Suesia.
802 2150 980 2248 Noroegis.

275 2267 464 2362 Greenish
489 2269 648 2346 chesnut
671 2313 684 2330 ·
709 2269 893 2347 schielded
920 2271 1070 2352 Lichen.
1116 2273 1252 2374 Angla.
1352 2324 1355 2332 ,
1816 2366 1820 2380 ,

328 2394 471 2472 tianae
499 2393 536 2468 in
564 2391 735 2488 Etaopae
758 2397 938 2492 rupibus,
970 2399 1176 2496 lapidibus,
1213 2397 1326 2474 etiam
1349 2397 1542 2478 arboribus
1570 2415 1611 2480 ct
1635 2401 1726 2484 alse-

266 2551 269 2562 ·
380 2515 486 2591 ribus
511 2515 687 2614 putridis·

949 2681 1002 2772 B.

275 2831 419 2912 Lichen
445 2829 543 2906 soliis
568 2829 770 2912 imbricatis
793 2783 994 2916 linearibus
1016 2833 1166 2931 albidis,
1194 2823 1355 2910 scutellis
1376 2835 1501 2932 parvis
1524 2839 1720 2923 confertis.

323 2957 468 3036 Halon
493 2955 530 3032 in
552 2955 657 3037 saxis.
977 2965 982 2974 '

376 3125 521 3202 Foliola
552 3128 592 3202 in
626 3128 756 3202 orbern
790 3129 981 3225 disposita,
1019 3132 1234 3226 imbricata,
1271 3130 1478 3208 orbiculum
1504 3135 1718 3230 plerunque

226 3251 427 3332 efformant
449 3265 524 3324 tres
548 3265 709 3345 quatuor
734 3251 861 3328 uncias
884 3253 922 3328 in
947 3253 1126 3330 diametro
1157 3257 1292 3348 latuni,
1315 3258 1393 3330 laxe
1414 3255 1503 3331 saxis
1523 3259 1717 3348 adnatum;

228 3399 276 3452 ea
302 3390 433 3450 centro
460 3371 507 3446 ad
535 3372 780 3469 peripherianr
811 3373 935 3451 sensam
961 3377 1093 3451 latiora
1123 3376 1252 3467 dutia;
1286 3379 1463 3454 interiora
1491 3379 1717 3476 centrisuga,

225 3499 402 3591 linearia,
425 3495 614 3590 laciniata,
640 3495 779 3576 laciniis
802 3493 1096 3593 angustioribus3
1133 3501 1319 3574 exteriora
1345 3497 1426 3596 (c)
1449 3501 1601 3586 latiora3
1628 3503 1718 3575 rnul-

225 3619 351 3711 tifida,
379 3619 518 3696 laciniis
535 3640 602 3716 per
619 3619 794 3695 ambitum
818 3620 1056 3714 inaequaliter
1080 3621 1238 3696 crenatis
1259 3622 1422 3715 obtusis,
1448 3624 1608 3718 margine
1629 3641 1718 3718 pau·

223 3749 337 3823 lulurn
365 3743 538 3834 deflexis3
567 3740 720 3838 superne
745 3739 964 3839 subrugosa,
994 3746 1123 3818 colore
1148 3765 1192 3818 ex
1221 3745 1329 3819 viridi
1354 3763 1392 3820 et
1414 3743 1609 3840 sulphureo
1633 3767 1718 3822 cuna

224 3869 378 3944 cinereo
412 3865 554 3959 mixto,
586 3865 622 3941 in
651 3865 742 3940 sicca
773 3865 885 3961 magis
915 3863 1143 3958 virescente,
1181 3868 1290 3942 etiarn
1317 3867 1438 3941 albido
1468 3867 1527 3940 vel
1557 3856 1714 3964 plausor

223 3993 348 4092 glabra
369 3987 515 4084 quidem
545 3985 605 4063 sed
633 3985 775 4086 punstla
803 3987 1067 4084 nigricantibus
1095 3987 1132 4063 in
1168 3986 1358 4084 superficie
1391 3991 1475 4066 hinc
1511 3989 1595 4090 inde
1626 4011 1716 4066 con·
1821 3957 1847 3990 ⁴
1969 4023 1976 4034 ·

218 4113 363 4212 spensa,
398 4127 491 4208 quae
522 4131 590 4208 per
620 4111 760 4188 lentem
794 4117 838 4184 ut
868 4123 968 4183 mera
1001 4111 1191 4194 tubercula
1223 4113 1321 4190 fusca
1354 4125 1552 4210 apparent,
1582 4113 1714 4204 quibus

220 4239 293 4314 alia
318 4233 473 4312 obscure
501 4235 562 4310 vel
590 4252 636 4310 ex
662 4233 813 4308 cinereo
840 4231 1000 4308 virentia
1033 4234 1085 4308 ita
1112 4233 1262 4328 copiose
1293 4236 1443 4309 irmina
1478 4233 1559 4306 siant
1590 4230 1716 4306 tuber·

112 4359 150 4390 “’
224 4341 332 4453 c'ula,
365 4373 407 4436 ut
431 4372 514 4434 tota
537 4359 694 4435 interior
726 4355 898 4432 Lichenis
930 4373 1035 4450 pars,
1068 4353 1165 4428 circa
1200 4352 1366 4428 scutellas
1402 4353 1635 4448 praesertim,
1668 4375 1715 4432 ex

222 4485 423 4580 innumeris
449 4479 545 4558 uillis
572 4482 741 4574 ramosas,
770 4477 1037 4577 pulverulentis
1062 4477 1229 4552 constare
1250 4475 1432 4555 videatur.
1484 4467 1550 4550 Per
1575 4479 1714 4554 lentem

223 4609 356 4706 (ab)
387 4605 479 4684 hacc
505 4607 696 4683 tubercula
728 4601 925 4682 arbusculis
962 4601 1110 4798 ralraofis
1138 4603 1198 4678 rel
1235 4601 1410 4698 cylindris
1437 4602 1546 4681 dabie
1576 4600 1713 4697 stipatis

1635 4743 1717 4800 noo
