4754 5750
937 489 1164 620 Ἥ
1739 543 1791 620 ss

350 697 496 776 Lichan
518 693 796 792 pulmonariae,
819 692 914 772 saxis
942 717 979 774 et
1005 701 1196 774 arboribus
1225 699 1440 794 aduescens,
1472 704 1613 800 major,
1645 703 1789 782 inferne

402 825 610 920 nigricans,
637 817 792 912 superne
815 841 836 892 e
861 819 1057 914 sulphureo
1087 823 1278 918 cinereus,
1303 829 1543 942 receptaculis
1563 827 1695 904 florum
1717 849 1791 904 arn·

404 947 607 1041 plioribus,
657 943 755 1016 intus
798 941 965 1036 sordide,
1003 959 1042 1018 et
1076 943 1244 1022 obsolete
1282 950 1474 1029 viridibus.
1525 971 1664 1030 utcu.
1703 953 1787 1028 Gen.

396 1086 433 1166 p.
449 1078 514 1166 39.
540 1092 573 1142 n.
596 1090 625 1142 r.
643 1090 677 1144 s.
713 1063 961 1161 TabaMig.
978 1088 1009 1140 a.

351 1213 492 1290 Lichen
512 1211 762 1310 psalmonarius
786 1209 939 1288 saxatilis
957 1214 1145 1293 maximus.
1189 1237 1355 1298 untur..
1385 1221 1494 1319 Pares.
1515 1233 1552 1318 p.
1568 1221 1651 1296 116.
1679 1243 1713 1296 n.
1729 1237 1787 1318 ις.

352 1356 603 1448 Lichenoides
632 1369 840 1453 caperatum
866 1357 1016 1434 rosacee
1035 1361 1229 1456 expansum
1248 1361 1477 1460 esulphureo
1493 1365 1632 1444 virens.
1655 1381 1787 1440 otta.

400 1483 487 1577 Hist.
514 1481 621 1579 Masc.
646 1499 683 1579 p.
701 1501 782 1580 ¹93·
817 1477 893 1560 Tab.
911 1504 971 1576 25.
997 1485 1073 1584 Frg.
1084 1507 1145 1582 97.
1165 1485 1220 1566 A.
1237 1485 1284 1566 Β.
1310 1485 1353 1566 C.

353 1603 498 1680 Licben
530 1619 730 1700 capesams.

351 1727 578 1821 Runzliche,
605 1727 885 1828 Rosenfbrmige
912 1729 1202 1814 Blitterflechte.

346 1853 490 1928 Lichan
520 1847 673 1926 saone&
721 1871 779 1924 nn
804 1872 1045 1930 sansacu
1073 1857 1131 1932 Fl.
1158 1859 1278 1936 Fraac.
1303 1875 1335 1958 p·
1356 1867 1418 1950 83.

349 1973 545 2068 Gekaperd
572 1973 814 2066 Sclrurstmos.
864 1997 1012 2054 nour.
1039 1980 1125 2057 Nat.
1149 1964 1241 2078 Hrst.
1269 1983 1359 2062 Za.
1383 1965 1653 2082 St.14.'p.529.
1673 1995 1784 2074 mss.

350 2098 461 2173 Roos
485 2097 610 2174 molsa.
654 2100 831 2194 Noroegis.

319 2219 509 2314 'Sulphut
530 2263 545 2279 -
565 2241 677 2318 green
704 2219 801 2294 Rose
826 2218 976 2302 Lichen.
1026 2221 1162 2324 Anglir.

406 2343 547 2432 Habitat
569 2345 607 2420 in
630 2343 780 2440 Europa
799 2357 845 2419 et
870 2344 1041 2422 America
1067 2348 1112 2424 ad
1133 2347 1218 2426 baa
1238 2363 1285 2428 et
1308 2351 1472 2429 arbores.

447 2531 551 2610 Folia
582 2535 620 2609 in
651 2536 780 2608 orbern
807 2533 959 2628 expansa
989 2535 1034 2608 ab
1059 2534 1192 2608 unciali
1224 2534 1268 2609 ad
1294 2535 1459 2631 pedalem
1486 2531 1597 2631 usque
1623 2529 1787 2607 latitudi-

222 2657 229 2666 ’
298 2676 411 2756 nem,
442 2659 480 2734 in
507 2677 639 2734 centro
664 2657 702 2732 in
732 2655 882 2731 modum
908 2653 1164 2732 intestinorum
1197 2657 1349 2736 collefila
1382 2673 1421 2734 et
1452 2659 1610 2756 plicata,
1646 2656 1786 2730 ambitu

300 2788 452 2876 lobata,
477 2783 614 2878 plicato
640 2779 848 2856 -undulata
857 2831 871 2869 ‚
897 2776 1037 2875 saepius
1072 2780 1282 2874 imbricata,
1309 2783 1404 2858 lobis
1432 2777 1784 2858 nouato-laciniosis

194 2897 204 2904 ’
297 2903 559 2996 subrotundis,
587 2901 761 2980 extremis
787 2899 1005 2995 latioribus,
1029 2901 1171 2978 fintlbto
1193 2945 1207 2962 ·
1232 2905 1416 3001 crenatis,
1449 2903 1651 2980 minoribus
1673 2897 1785 2974 delle·

299 3033 382 3121 xis;
406 3028 563 3122 superne
597 3025 727 3124 glabris
753 3023 919 3119 quidem,
955 3025 1016 3098 sed
1042 3025 1139 3121 rugis
1164 3029 1334 3128 oblongis
1353 3039 1402 3102 et
1427 3025 1585 3119 obliquis
1610 3025 1786 3121 pulveru-

298 3153 410 3232 lentis
443 3153 506 3224 uel
535 3126 731 3246 granulosrs
767 3147 1038 3244 inaequalibus,
1075 3148 1285 3242 praesertim
1320 3172 1387 3247 pet
1420 3149 1575 3226 mediam
1605 3145 1783 3241 crustam,

298 3278 366 3354 ubi
399 3271 584 3350 crassiores
618 3287 658 3348 et
688 3255 799 3367 nangis
833 3267 1055 3344 verrucosae
1085 3267 1156 3345 else
1190 3268 1331 3362 solent3
1367 3275 1498 3349 colore
1529 3271 1567 3348 in
1602 3269 1782 3366 superiori

295 3397 491 3498 superficie
517 3419 539 3470 e
565 3393 766 3490 sulphureo
791 3391 979 3468 viridante
1011 3391 1060 3468 in·
1071 3393 1238 3491 glaucum
1268 3393 1406 3489 saepius
1432 3395 1638 3488 tendente,
1663 3391 1784 3470 veluti

151 3547 154 3552 ·
296 3523 512 3620 sulphureus
542 3495 759 3593 coloseum
785 3537 905 3612 pauco
934 3517 1105 3591 caeruleo
1133 3515 1292 3608 mixtus,
1327 3535 1394 3610 per
1420 3515 1619 3592 ficcitatem
1645 3531 1685 3592 et
1714 3537 1784 3592 ve·

295 3645 471 3723 tustatem
497 3663 518 3718 e
546 3639 741 3736 sulphureo
769 3636 932 3732 albidus,
959 3638 997 3714 in
1015 3659 1114 3732 aqua
1140 3637 1244 3733 saepe
1264 3637 1454 3714 macerato
1475 3638 1637 3715 Lichene
1659 3652 1697 3714 et
1719 3659 1783 3714 ex·

296 3769 460 3860 siccato,
497 3765 605 3840 color
641 3759 805 3835 sordidus
842 3775 881 3832 et
917 3760 1028 3856 magis
1063 3760 1211 3858 glaucus
1241 3757 1298 3836 fit.
1349 3759 1417 3836 Per
1442 3763 1579 3838 lentem
1601 3782 1782 3838 verrucae

300 3894 383 3966 illae
414 3885 662 3962 subrotrurdae
692 3899 730 3957 et
763 3883 1066 3978 pulverulentae,
1102 3881 1245 3956 demum
1273 3863 1505 3961 confluentes
1536 3901 1576 3960 et
1600 3883 1780 3982 punctulis

299 4014 415 4114 nigris
434 4009 617 4086 immixtae
633 4019 818 4103 apparent·
871 4003 1036 4079 lnfcrior·
1050 4001 1259 4100 superficies
1282 4007 1443 4105 margine
1462 4007 1584 4106 glabra
1604 4023 1643 4082 et
1666 4004 1780 4100 fusca,

292 4138 438 4229 reliqua
464 4143 573 4228 parte
606 4131 737 4226 nigra,
776 4125 990 4202 brevissimis
1025 4125 1138 4202 acutis
1173 4127 1284 4226 nigris
1318 4129 1486 4206 radiculis
1514 4129 1651 4220 oblita,
1684 4129 1780 4202 inte·

298 4263 375 4338 rius
400 4269 505 4347 atra,
538 4253 706 4326 radiculis
732 4249 965 4326 filisormibus
991 4249 1156 4344 implexis
1183 4250 1410 4344 longioribus
1432 4249 1602 4346 glebosa,
1635 4266 1675 4324 et
1699 4249 1780 4325 sub-

298 4378 419 4458 stratis
446 4375 665 4469 corpor-ibus
693 4375 788 4450 erile
812 4373 995 4446 adhaeret.
1047 4369 1229 4443 Scut-ellae
1254 4391 1323 4463 vper
1348 4371 1500 4446 mediam
1529 4371 1697 4448 frondem
1728 4373 1782 4448 di·

267 4501 457 4598 ·spersae,
485 4498 529 4570 ab
552 4497 659 4571 initio
685 4497 908 4570 orbiculares
933 4490 1179 4583 concolores,
1201 4490 1285 4568 dein
1310 4488 1391 4567 satis
1414 4495 1552 4589 amplae
1574 4517 1777 4592 concavae,

256 4715 258 4722 .
295 4640 405 4702 estus
445 4637 635 4704 convexae
669 4617 973 4714 ,puluerulentae,
1001 4616 1182 4694 soliorum
1210 4615 1363 4713 colore,
1394 4597 1492 4696 intus
1513 4616 1779 4720 ¹purpurascen-

1035 4733 1075 4814 N
1691 4751 1777 4834 tes,
